2253 3340
1040 361 1112 415 29

313 473 434 515 tem
473 478 489 531 ς,
542 457 752 513 viduae
798 455 1068 513 levamen
1120 454 1449 510 solitudinis
1500 457 1841 512 nanciscun-

313 575 441 616 tur:
484 558 631 614 Hinc
659 559 994 614 divinarum
1039 577 1236 613 rerum
1290 557 1506 633 ignaris
1541 560 1842 631 doctrina3

313 663 710 720 dubitantibus
739 662 910 718 fidele
936 661 1247 719 consilium
1278 682 1292 735 3
1338 662 1474 717 hinc
1514 661 1845 718 delitescen-

316 767 467 824 tibus
495 767 673 824 etiam
726 765 786 819 in
839 784 1141 821 carcerum
1185 764 1479 839 squallore
1523 763 1841 838 solatium,

315 870 493 927 etad
533 871 900 946 supplicium
932 868 1195 925 adductis
1240 881 1478 942 praesto
1525 882 1652 925 sunt
1682 913 1697 943 7
1741 868 1843 942 qui

310 995 406 1032 eos
438 977 511 1030 ad
541 989 795 1030 mortem
832 992 1022 1047 aequo
1053 971 1252 1027 animo
1285 1018 1299 1046 7
1350 986 1404 1028 et
1432 971 1704 1047 religioso
1735 992 1841 1046 op—

307 1079 626 1151 petendam
654 1076 858 1132 sedulo
886 1075 1259 1129 exhortentur
1283 1117 1294 1129 .
1320 1074 1540 1130 Omnia
1562 1075 1704 1131 haec
1733 1120 1746 1148 7
1774 1089 1836 1131 ut

309 1178 514 1233 confici
543 1223 558 1253 7
603 1178 1002 1252 praestarique
1023 1195 1131 1250 pro
1160 1176 1439 1249 dignitate
1464 1221 1479 1250 7
1511 1197 1577 1232 ac
1604 1178 1838 1252 magni-

308 1279 505 1334 tudine
534 1299 638 1334 sua
664 1293 892 1353 possent
925 1324 940 1353 7
984 1278 1266 1354 singulari
1293 1278 1708 1334 Lusitanorum
1732 1279 1837 1335 Re-

307 1401 450 1456 gum
493 1382 890 1438 munificentia
939 1393 1226 1437 certatum
1274 1394 1394 1437 est.
1437 1381 1592 1438 Cum
1641 1395 1838 1438 autem

306 1482 531 1539 MARIA
562 1484 893 1540 incredibili
926 1485 1153 1540 arderet
1183 1504 1321 1559 erga
1343 1486 1586 1542 miseros
1615 1530 1630 1560 7
1673 1499 1727 1542 et
1753 1507 1840 1543 ca-

305 1587 607 1643 lamitosos
636 1590 877 1644 caritate
935 1634 949 1662 7
977 1588 1462 1662 incommodaque
1501 1608 1706 1646 eorum
1754 1609 1842 1646 es-

304 1712 362 1747 se
404 1691 477 1746 ab
521 1691 591 1748 Se
637 1711 753 1746 non
804 1691 993 1748 aliena
1040 1704 1273 1766 putaret
1297 1712 1312 1765 :7
1364 1693 1567 1748 statuit
1598 1693 1672 1747 ad
1727 1716 1794 1749 ea
1817 1739 1833 1767 7

305 1814 454 1867 quae
504 1816 539 1849 a
585 1793 906 1868 Majoribus
953 1808 1075 1851 tam
1117 1796 1466 1870 magnifice,
1510 1795 1842 1853 clementer-

304 1918 414 1972 que
442 1898 670 1954 fuerant
724 1899 993 1972 inventa7
1040 1917 1243 1953 omnes
1287 1898 1664 1974 benignitatis
1700 1920 1839 1956 suae

303 2002 488 2058 fontes
515 2004 777 2059 derivare
802 2046 815 2058 .
841 2002 1100 2069 Quantas
1127 2022 1264 2059 vero
1293 2004 1568 2078 pecunias
1598 2004 1748 2060 hanc
1778 2006 1839 2060 in

302 2126 424 2162 rem
453 2106 761 2163 contulerit
790 2151 806 2179 7
847 2106 1025 2161 velim
1052 2128 1123 2162 ex
1145 2105 1327 2181 Ipsius
1354 2107 1708 2164 liberalitate
1733 2155 1747 2183 7
1774 2121 1832 2164 et

303 2211 501 2267 animo
523 2210 872 2284 conjiciatis:
897 2223 962 2266 ut
986 2211 1143 2267 enim
1166 2211 1465 2286 ingenium
1492 2210 1561 2268 Ei
1590 2214 1663 2268 ad
1693 2213 1835 2286 opti-

302 2334 402 2368 ma
424 2333 684 2389 quaeque
705 2314 1105 2389 cognoscenda
1125 2314 1326 2386 solers7
1342 2327 1692 2389 acutumque
1712 2334 1829 2369 non

302 2417 500 2475 deerat
527 2462 542 2491 7
587 2419 668 2474 sic
713 2419 786 2472 ad
816 2419 1014 2473 omnia
1055 2439 1202 2493 quae
1231 2418 1406 2474 vellet
1432 2419 1782 2492 perficienda
1809 2464 1828 2492 7

298 2534 363 2576 ut
389 2521 679 2595 praesidia
708 2521 1092 2596 suppetebant
1117 2566 1132 2595 7
1178 2522 1259 2576 ita
1295 2520 1616 2577 liberalitas
1647 2521 1831 2576 abun-

298 2624 478 2680 dabat
499 2669 510 2682 .
556 2625 679 2681 Hoc
705 2625 1041 2683 brevissime
1071 2625 1265 2682 dicam
1288 2646 1302 2697 ς
1347 2637 1730 2701 posteaquam
1755 2624 1827 2679 ad
