2253 3340
1064 345 1136 399 25

336 472 403 531 su
450 467 646 526 laudes
694 464 814 519 dies
836 504 852 535 7
908 472 1212 531 noctesque
1252 453 1612 510 concinerent
1635 493 1647 507 .
1692 444 1868 505 Extat

337 574 574 649 quidem
599 616 615 645 7
657 582 710 624 et
746 565 966 623 extabit
1008 560 1319 636 multiplex
1358 558 1498 613 haec
1522 602 1537 631 7
1583 553 1821 611 illustris
1852 595 1869 623 7

337 690 616 756 grataque
661 672 879 745 accepti
919 666 1179 725 beneficii
1225 664 1515 720 memoria
1538 679 1550 715 ε
1602 662 1668 714 At
1690 659 1872 715 Filio-

338 782 470 836 lum
514 779 725 851 illum,
771 795 888 849 quo
931 770 1155 847 MARIA
1187 782 1354 826 aucta
1381 763 1560 821 Mater
1607 762 1873 837 primum

337 897 416 939 est
448 881 742 956 appellata
770 925 786 954 7
832 897 950 953 quo
978 888 1116 931 nato
1144 872 1444 928 Lusitania
1472 867 1720 943 speravit
1762 865 1874 921 sibi

335 985 668 1061 Brigantiae
687 981 894 1056 Stirpis
916 979 1130 1055 Regem
1150 996 1267 1031 non
1295 974 1630 1029 defuturum
1656 1017 1671 1045 7
1702 969 1875 1025 Filio-

338 1087 466 1143 lum
495 1132 511 1161 7
558 1088 801 1160 inquam
832 1129 847 1157 7
894 1082 1065 1139 illum
1091 1082 1177 1136 vis
1202 1078 1406 1135 Mortis
1432 1071 1678 1151 eripuit!
1722 1073 1875 1139 Quo-

334 1191 528 1245 minus
556 1208 691 1244 vero
721 1187 863 1243 tanti
893 1186 1113 1241 doloris
1144 1183 1440 1241 acerbitati
1481 1177 1704 1234 MARIA
1746 1193 1876 1232 suc-

337 1296 629 1351 cumberet
654 1340 669 1368 7
696 1295 903 1350 eadem
927 1294 1056 1366 ipsa
1083 1290 1252 1345 affuit
1270 1287 1495 1363 Religio
1511 1330 1527 1360 7
1552 1302 1700 1358 quae
1726 1281 1876 1337 iden·

339 1401 523 1456 tidem
545 1398 718 1454 Illam
746 1409 1002 1453 moneret
1020 1441 1036 1470 7
1058 1395 1240 1452 solere
1263 1393 1453 1450 Deum
1468 1436 1482 1465 7
1508 1409 1653 1465 quos
1684 1398 1876 1459 amat⁷

335 1523 453 1558 non.
480 1522 614 1559 raro
643 1504 929 1579 corrigere
958 1547 973 1575 7
1018 1515 1070 1556 et
1113 1499 1399 1574 castigare
1429 1516 1445 1570 3
1489 1507 1876 1551 moerentem-

335 1626 446 1680 que
472 1592 755 1681 Reginam
782 1607 840 1660 in
869 1605 1019 1660 hanc
1045 1622 1209 1678 spem
1256 1601 1561 1656 adduceret
1608 1597 1730 1651 fore
1758 1641 1773 1670 7
1814 1607 1878 1650 ut

334 1704 871 1766 Misericordiarum
911 1707 1063 1764 Deus
1089 1752 1104 1780 7
1161 1705 1264 1780 qui
1314 1706 1603 1760 neminem
1630 1702 1878 1757 nimium

329 1814 633 1886 permittit
661 1814 863 1887 affligi
893 1856 908 1883 7
937 1810 1113 1864 veluti
1142 1808 1342 1864 divisis
1371 1810 1509 1861 c'um
1529 1802 1712 1858 Matre
1741 1800 1877 1856 libe-

339 1916 416 1971 ris
445 1960 461 1989 7
504 1926 888 1988 posteaquam
936 1912 1113 1965 illum
1158 1908 1443 1980 Majorem
1488 1918 1631 1960 natu
1657 1905 1878 1961 Filium

342 2019 547 2074 Secum
577 2017 651 2072 ad
673 2015 912 2071 coeleste
935 2014 1198 2089 Regnum
1224 2022 1527 2066 vocaverat
1551 2054 1566 2081 7
1598 2008 1748 2064 hunc
1775 2005 1878 2063 Mi-

338 2141 542 2177 norem
562 2135 701 2177 natu
725 2120 865 2176 aviti
887 2118 1123 2193 Imperii
1146 2117 1370 2172 socium
1389 2115 1580 2169 eidem
1602 2111 1773 2169 Matri
1800 2133 1876 2169 re-

339 2224 619 2300 linqueret
645 2269 658 2296 7
706 2223 953 2297 Ejusque
980 2222 1186 2278 deinde
1215 2218 1498 2295 sapientia
1523 2263 1538 2291 7
1580 2230 1632 2271 et
1658 2216 1879 2291 justitia

341 2325 605 2382 Lusitani
634 2346 814 2401 quam
854 2325 1179 2381 diutissime
1207 2321 1627 2397 perfruerentur
1658 2338 1670 2374 :
1714 2318 1875 2385 Quo-

342 2430 475 2483 rum
504 2429 751 2486 alterum
782 2473 796 2501 7
848 2441 912 2483 ut
934 2428 963 2483 J
970 2424 1263 2483 OANNES
1289 2422 1378 2478 VI.
1430 2436 1746 2479 servaretur
1794 2423 1879 2478 in-

342 2531 589 2588 columis
615 2577 629 2605 7
676 2532 797 2605 jam
824 2551 940 2587 esse
968 2531 1186 2586 factum
1215 2574 1228 2601 7
1273 2546 1630 2604 magnopere
1656 2526 1876 2582 lactan-

343 2636 485 2693 dum
512 2647 593 2689 est
620 2655 634 2708 7
663 2635 912 2692 alterum
939 2680 953 2708 7
981 2647 1043 2690 ut
1074 2652 1254 2708 quam
1283 2632 1557 2687 diuturna
1580 2674 1595 2706 7
1640 2649 1875 2705 prospe—

1439 2721 1481 2776 d
