2253 3340
1025 372 1101 427 36

294 513 431 550 suae
459 489 627 545 timet
652 531 667 561 7
696 507 818 543 non
846 483 1155 561 dignitati3
1188 502 1360 557 seque
1389 500 1620 539 annona
1644 528 1657 557 7
1690 483 1834 543 clas-

297 595 453 651 sibus
483 637 498 668 7
528 591 705 649 armis
731 637 745 666 7
774 588 1016 666 ingeniis
1043 635 1058 663 7
1087 588 1303 644 artibus
1329 633 1343 660 7
1375 586 1830 661 disciplinarum

301 698 570 753 omnium
597 695 800 752 studiis
825 739 839 768 7
885 706 941 750 et
974 693 1128 767 quod
1153 704 1329 765 caput
1358 704 1439 746 est
1470 734 1485 764 7
1514 690 1698 746 veteri
1729 690 1837 746 Pa-

296 813 454 856 trum
500 819 737 855 suorum
790 796 1076 872 religione
1127 794 1515 850 clarissimam
1550 791 1677 848 fore
1708 810 1831 847 non

298 904 536 961 dubitat
564 947 575 960 .

450 1006 539 1063 Tu
566 1025 702 1062 vero
729 1004 985 1060 Domine
1012 1048 1026 1076 7
1069 1001 1252 1074 Cujus
1276 993 1703 1058 Misericordias
1733 1000 1827 1055 Fi-

300 1113 415 1169 lius
441 1111 547 1168 Ille
571 1110 725 1166 Tuus
757 1109 830 1163 ad
856 1106 977 1161 Nos
1019 1126 1048 1161 e
1086 1103 1272 1161 Coelo
1300 1104 1510 1160 detulit
1535 1148 1549 1178 7
1595 1107 1698 1177 qui
1726 1124 1832 1163 nec

301 1218 703 1291 turpissimum
729 1213 934 1270 Crucis
963 1209 1320 1284 supplicium
1346 1208 1677 1283 perhorruit
1704 1253 1718 1283 7
1760 1221 1827 1264 ut

302 1320 374 1375 ab
403 1318 602 1374 inferis
625 1318 682 1373 in
706 1315 967 1390 Regnum
992 1325 1160 1368 tuum
1185 1311 1444 1366 homines
1470 1310 1789 1367 vindicaret
1814 1332 1830 1385 ς

297 1420 346 1474 si
390 1420 529 1494 quid
571 1419 759 1475 adhuc
809 1414 1083 1472 terrestris
1125 1411 1490 1488 contagionis
1519 1413 1581 1466 in
1607 1410 1836 1469 MARIA

302 1536 555 1600 superest
580 1521 941 1597 expiandum
965 1562 979 1591 7
1012 1518 1073 1572 id
1099 1530 1163 1572 ut
1185 1514 1404 1571 Christi
1432 1514 1729 1590 Sanguine
1756 1535 1837 1573 re—

300 1649 509 1707 purges
541 1673 557 1703 7
608 1640 662 1682 et
689 1643 987 1699 respergas
1017 1639 1252 1677 oramus
1282 1664 1297 1694 7
1341 1619 1601 1693 Eamque
1623 1619 1833 1675 nostris

305 1733 583 1789 adductus
632 1729 875 1784 incensis
919 1725 1111 1780 officio
1137 1767 1152 1797 7
1197 1742 1264 1777 ac
1312 1722 1527 1796 pietate
1570 1720 1836 1794 precibus

299 1835 518 1894 Tecum
544 1835 603 1892 in
625 1846 896 1891 aeternae
919 1826 1211 1885 beatitatis
1235 1824 1499 1882 Domum
1525 1811 1804 1898 perducas
1819 1868 1831 1882 ⁶
