2253 3340
1049 353 1114 386 10

315 448 666 522 sapientiam
687 492 700 521 7
745 467 969 521 parque
993 447 1306 502 consilium
1328 446 1583 522 Reginae
1608 462 1836 508 tantum

310 550 547 626 Imperii
572 551 800 624 pondus
840 551 1111 606 subeunti
1140 550 1313 606 fuisse
1343 595 1358 624 7
1401 552 1703 624 praeclara
1732 551 1836 606 illa

311 655 609 713 declarant
639 652 808 708 initia
840 699 853 726 7
909 674 974 708 ac
1003 653 1189 708 veluti
1218 655 1602 708 fundamenta
1631 698 1645 726 7
1689 674 1841 727 quae

311 756 600 833 imprimis
647 756 916 812 omnium
953 757 1362 812 constituenda
1417 756 1643 830 putavit
1686 776 1841 811 esse.

309 863 469 917 Vidit
512 860 731 917 scilicet
782 880 882 933 pro
934 883 1001 917 ea
1029 906 1042 934 7
1094 881 1211 933 qua
1259 860 1597 915 abundabat
1632 906 1645 934 7
1710 879 1845 933 pru-

313 964 512 1021 dentia
541 1008 554 1035 7
599 962 746 1017 vidit
776 1008 790 1036 7
836 963 1183 1037 penitusque
1234 963 1530 1037 perspexit
1570 1008 1584 1037 7
1631 962 1846 1017 Pacem

314 1089 432 1124 esse
482 1066 751 1121 omnium
794 1063 1112 1119 illustrium
1141 1110 1155 1139 7
1199 1065 1552 1138 utiliumque
1597 1084 1842 1139 operum

313 1174 752 1227 firmamentum
801 1187 812 1222 :
878 1187 949 1221 ex
1005 1167 1112 1222 hac
1162 1213 1175 1241 7
1222 1167 1405 1223 veluti
1457 1188 1528 1222 ex
1583 1169 1843 1240 quodam

312 1272 612 1329 uberrimo
642 1270 802 1323 fonte
832 1313 846 1341 7
895 1266 1098 1322 omnia
1135 1268 1293 1322 bona
1322 1269 1555 1324 effluere
1588 1314 1602 1343 7
1650 1290 1716 1324 ac
1761 1289 1849 1324 re·-

314 1377 572 1431 dundare
602 1393 614 1428 ;
662 1391 803 1447 pace
850 1371 1166 1427 constituta
1196 1417 1210 1445 7
1255 1391 1573 1445 regnorum
1602 1371 1849 1427 felicita-

316 1492 434 1533 tem
464 1474 781 1531 constitui:
825 1495 966 1548 pace
1009 1474 1252 1530 florente
1284 1519 1298 1545 7
1344 1474 1613 1529 liberales
1662 1487 1809 1530 artes
1834 1520 1849 1549 7

314 1579 524 1655 quibus
553 1577 791 1651 Imperii
822 1576 1079 1649 dignitas
1117 1576 1451 1631 continetur
1484 1622 1497 1650 7
1551 1576 1850 1632 universas

315 1685 509 1759 vigere
542 1705 556 1757 :7
586 1683 934 1755 easdemque
962 1680 1025 1735 in
1052 1680 1208 1735 bello
1235 1727 1248 1753 7
1280 1702 1346 1735 ac
1377 1681 1634 1735 tumultu
1662 1681 1852 1736 incul-

318 1804 403 1845 tas
430 1836 443 1863 7
468 1802 523 1842 et
547 1786 839 1859 neglectas
870 1785 1057 1856 jacere
1083 1828 1093 1839 .
1126 1787 1244 1858 Age
1272 1805 1409 1839 vero
1437 1798 1491 1839 et
1522 1785 1625 1840 1113
1649 1831 1661 1858 7
1694 1806 1846 1858 quae

316 1893 475 1968 pacis
504 1893 717 1947 debent
745 1909 867 1945 esse
911 1888 1205 1962 praesidia
1236 1934 1249 1963 7
1284 1911 1351 1945 ea
1381 1888 1660 1945 nimirum
1686 1935 1699 1962 7
1729 1889 1855 1963 qui-

319 1997 425 2051 bus
455 1994 696 2067 alimur7
722 1991 1006 2066 quibusve
1032 1991 1392 2066 populorum
1412 1991 1665 2066 utilitas7
1691 2011 1854 2047 com-

319 2098 500 2154 moda
532 2142 546 2170 7
592 2110 763 2169 atque
791 2094 1257 2170 opportunitates
1285 2094 1676 2150 conciliantur
1705 2141 1719 2168 7
1766 2094 1855 2150 in-

323 2212 408 2255 ter
438 2199 695 2254 hostium
721 2212 947 2253 metum
972 2245 986 2273 7
1034 2198 1440 2271 bellorumque
1463 2197 1854 2271 suspicionem

320 2315 562 2375 possunt
590 2301 794 2357 haberi
817 2306 844 2355 ¹?
886 2300 1138 2357 Audebit
1163 2323 1235 2357 ne
1260 2324 1293 2357 a
1316 2315 1488 2377 portu
1511 2322 1570 2357 se
1594 2320 1856 2356 commo-

322 2422 454 2459 vere
484 2404 873 2460 navicularius
899 2450 911 2478 7
958 2404 1060 2478 qui
1092 2404 1202 2461 sibi
1249 2428 1281 2461 a
1316 2406 1611 2479 praedone
1642 2403 1851 2459 timue-

325 2505 400 2559 rit
427 2509 452 2554 ‘?
494 2507 627 2572 Quo
658 2506 856 2561 animo
907 2508 1016 2562 erit
1049 2508 1380 2581 negotiator
1418 2507 1516 2562 ille
1549 2554 1564 2582 7
1612 2527 1727 2579 qua
1754 2526 1853 2580 spe

328 2621 520 2664 arator
548 2608 761 2665 nitetur
787 2655 801 2684 7
848 2610 947 2684 qui
987 2610 1047 2665 111
1085 2610 1364 2665 continuo
1395 2629 1590 2666 rerum
1617 2629 1857 2666 suarum
