<?xml version="1.0" encoding="UTF-8"?>
<!DOCTYPE html PUBLIC "-//W3C//DTD XHTML 1.0 Transitional//EN"
    "http://www.w3.org/TR/xhtml1/DTD/xhtml1-transitional.dtd">
<html xmlns="http://www.w3.org/1999/xhtml" xml:lang="en" lang="en">
 <head>
  <title>
</title>
<meta http-equiv="Content-Type" content="text/html;charset=utf-8" />
  <meta name='ocr-system' content='tesseract 3.04.00' />
  <meta name='ocr-capabilities' content='ocr_page ocr_carea ocr_par ocr_line ocrx_word'/>
</head>
<body>
  <div class='ocr_page' id='page_1' title='image "./infuneremariaepr00matt/infuneremariaepr00matt_0026.png"; bbox 0 0 2253 3340; ppageno 0'>
   <div class='ocr_carea' id='block_1_1' title="bbox 1072 363 1141 416">
    <p class='ocr_par' dir='ltr' id='par_1_1' title="bbox 1072 363 1141 416">
     <span class='ocr_line' id='line_1_1' title="bbox 1072 363 1141 416; baseline 0 0"><span class='ocrx_word' id='word_1_1' title='bbox 1072 363 1141 416; x_wconf 79' lang='lat'>16</span> 
     </span>
    </p>
   </div>
   <div class='ocr_carea' id='block_1_2' title="bbox 333 474 1889 2710">
    <p class='ocr_par' dir='ltr' id='par_1_2' title="bbox 333 474 1889 2710">
     <span class='ocr_line' id='line_1_2' title="bbox 347 474 1870 554; baseline -0.001 -21"><span class='ocrx_word' id='word_1_2' title='bbox 347 476 541 554; x_wconf 26' lang='lat' dir='ltr'>oculo-s</span> <span class='ocrx_word' id='word_1_3' title='bbox 569 477 776 533; x_wconf 88' lang='lat' dir='ltr'>versati</span> <span class='ocrx_word' id='word_1_4' title='bbox 803 487 934 532; x_wconf 90' lang='lat' dir='ltr'>sunt</span> <span class='ocrx_word' id='word_1_5' title='bbox 963 487 1048 530; x_wconf 92' lang='lat' dir='ltr'>tot</span> <span class='ocrx_word' id='word_1_6' title='bbox 1075 475 1306 547; x_wconf 89' lang='lat' dir='ltr'>juvenes</span> <span class='ocrx_word' id='word_1_7' title='bbox 1352 495 1421 530; x_wconf 86' lang='lat' dir='ltr'>ex</span> <span class='ocrx_word' id='word_1_8' title='bbox 1463 474 1764 532; x_wconf 85' lang='lat' dir='ltr'>Lusitania</span> <span class='ocrx_word' id='word_1_9' title='bbox 1809 478 1870 532; x_wconf 88' lang='lat' dir='ltr'>in</span> 
     </span>
     <span class='ocr_line' id='line_1_3' title="bbox 344 573 1867 650; baseline 0.001 -21"><span class='ocrx_word' id='word_1_10' title='bbox 344 575 493 631; x_wconf 88' lang='lat' dir='ltr'>hanc</span> <span class='ocrx_word' id='word_1_11' title='bbox 542 574 765 632; x_wconf 82' lang='lat' dir='ltr'>Urbem</span> <span class='ocrx_word' id='word_1_12' title='bbox 805 589 1066 632; x_wconf 87' lang='lat' dir='ltr'>nostram</span> <span class='ocrx_word' id='word_1_13' title='bbox 1112 573 1402 648; x_wconf 87' lang='lat' dir='ltr'>profecti7</span> <span class='ocrx_word' id='word_1_14' title='bbox 1446 576 1507 630; x_wconf 89' lang='lat' dir='ltr'>in</span> <span class='ocrx_word' id='word_1_15' title='bbox 1538 575 1688 631; x_wconf 91' lang='lat' dir='ltr'>hanc</span> <span class='ocrx_word' id='word_1_16' title='bbox 1716 577 1867 650; x_wconf 88' lang='lat' dir='ltr'>opti-</span> 
     </span>
     <span class='ocr_line' id='line_1_4' title="bbox 345 663 1868 751; baseline -0.001 -18"><span class='ocrx_word' id='word_1_17' title='bbox 345 698 579 734; x_wconf 90' lang='lat' dir='ltr'>marum</span> <span class='ocrx_word' id='word_1_18' title='bbox 608 663 820 733; x_wconf 89' lang='lat' dir='ltr'>artium</span> <span class='ocrx_word' id='word_1_19' title='bbox 845 678 1039 734; x_wconf 88' lang='lat' dir='ltr'>sedem</span> <span class='ocrx_word' id='word_1_20' title='bbox 1067 720 1083 751; x_wconf 91' lang='lat'><strong>7</strong></span> <span class='ocrx_word' id='word_1_21' title='bbox 1129 695 1195 732; x_wconf 90' lang='lat' dir='ltr'>ac</span> <span class='ocrx_word' id='word_1_22' title='bbox 1221 675 1591 732; x_wconf 82' lang='lat' dir='ltr'>domicilium</span> <span class='ocrx_word' id='word_1_23' title='bbox 1618 697 1635 751; x_wconf 74' lang='lat'><em>3</em></span> <span class='ocrx_word' id='word_1_24' title='bbox 1678 690 1743 733; x_wconf 90' lang='lat' dir='ltr'>ut</span> <span class='ocrx_word' id='word_1_25' title='bbox 1778 678 1868 734; x_wconf 88' lang='lat' dir='ltr'>hic</span> 
     </span>
     <span class='ocr_line' id='line_1_5' title="bbox 346 781 1868 856; baseline 0.001 -22"><span class='ocrx_word' id='word_1_26' title='bbox 346 799 465 835; x_wconf 87' lang='lat' dir='ltr'>non</span> <span class='ocrx_word' id='word_1_27' title='bbox 494 781 684 837; x_wconf 91' lang='lat' dir='ltr'>solum</span> <span class='ocrx_word' id='word_1_28' title='bbox 710 781 1239 856; x_wconf 86' lang='lat' dir='ltr'>pulcherrimorum</span> <span class='ocrx_word' id='word_1_29' title='bbox 1270 799 1514 854; x_wconf 87' lang='lat' dir='ltr'>operum</span> <span class='ocrx_word' id='word_1_30' title='bbox 1536 781 1706 855; x_wconf 90' lang='lat' dir='ltr'>copia</span> <span class='ocrx_word' id='word_1_31' title='bbox 1730 826 1744 855; x_wconf 93' lang='lat'><strong>7</strong></span> <span class='ocrx_word' id='word_1_32' title='bbox 1775 801 1868 836; x_wconf 88' lang='lat' dir='ltr'>ar-</span> 
     </span>
     <span class='ocr_line' id='line_1_6' title="bbox 345 883 1870 958; baseline 0.001 -22"><span class='ocrx_word' id='word_1_33' title='bbox 345 884 567 939; x_wconf 87' lang='lat' dir='ltr'>tificum</span> <span class='ocrx_word' id='word_1_34' title='bbox 595 883 1005 940; x_wconf 89' lang='lat' dir='ltr'>excellentium</span> <span class='ocrx_word' id='word_1_35' title='bbox 1031 883 1388 958; x_wconf 79' lang='lat' dir='ltr'>praestantia</span> <span class='ocrx_word' id='word_1_36' title='bbox 1416 885 1490 938; x_wconf 90' lang='lat' dir='ltr'>ad</span> <span class='ocrx_word' id='word_1_37' title='bbox 1520 904 1788 956; x_wconf 90' lang='lat' dir='ltr'>omnem7</span> <span class='ocrx_word' id='word_1_38' title='bbox 1814 896 1870 939; x_wconf 91' lang='lat' dir='ltr'>et</span> 
     </span>
     <span class='ocr_line' id='line_1_7' title="bbox 340 985 1869 1061; baseline 0.003 -22"><span class='ocrx_word' id='word_1_39' title='bbox 340 985 624 1061; x_wconf 87' lang='lat' dir='ltr'>pingendi</span> <span class='ocrx_word' id='word_1_40' title='bbox 655 1033 670 1061; x_wconf 98' lang='lat'><strong>7</strong></span> <span class='ocrx_word' id='word_1_41' title='bbox 701 1000 756 1044; x_wconf 91' lang='lat' dir='ltr'>et</span> <span class='ocrx_word' id='word_1_42' title='bbox 780 988 1080 1061; x_wconf 86' lang='lat' dir='ltr'>sculpendi</span> <span class='ocrx_word' id='word_1_43' title='bbox 1111 1032 1125 1061; x_wconf 92' lang='lat'><strong>7</strong></span> <span class='ocrx_word' id='word_1_44' title='bbox 1155 1001 1211 1042; x_wconf 87' lang='lat' dir='ltr'>et</span> <span class='ocrx_word' id='word_1_45' title='bbox 1238 987 1507 1043; x_wconf 79' lang='lat' dir='ltr'>caelandi</span> <span class='ocrx_word' id='word_1_46' title='bbox 1536 1033 1550 1060; x_wconf 88' lang='lat'><strong>7</strong></span> <span class='ocrx_word' id='word_1_47' title='bbox 1596 986 1869 1043; x_wconf 89' lang='lat' dir='ltr'>aliarum—</span> 
     </span>
     <span class='ocr_line' id='line_1_8' title="bbox 335 1089 1867 1163; baseline 0.001 -20"><span class='ocrx_word' id='word_1_48' title='bbox 335 1109 446 1162; x_wconf 86' lang='lat' dir='ltr'>que</span> <span class='ocrx_word' id='word_1_49' title='bbox 470 1089 799 1161; x_wconf 89' lang='lat' dir='ltr'>hujusmodi</span> <span class='ocrx_word' id='word_1_50' title='bbox 826 1090 1038 1145; x_wconf 89' lang='lat' dir='ltr'>artium</span> <span class='ocrx_word' id='word_1_51' title='bbox 1059 1090 1330 1163; x_wconf 80' lang='lat' dir='ltr'>peritiam</span> <span class='ocrx_word' id='word_1_52' title='bbox 1353 1089 1716 1144; x_wconf 81' lang='lat' dir='ltr'>erudirentur</span> <span class='ocrx_word' id='word_1_53' title='bbox 1744 1110 1758 1160; x_wconf 74' lang='lat'>3</span> <span class='ocrx_word' id='word_1_54' title='bbox 1780 1110 1867 1145; x_wconf 83' lang='lat' dir='ltr'>ve-</span> 
     </span>
     <span class='ocr_line' id='line_1_9' title="bbox 334 1191 1868 1265; baseline 0.003 -21"><span class='ocrx_word' id='word_1_55' title='bbox 334 1210 466 1247; x_wconf 89' lang='lat' dir='ltr'>rum</span> <span class='ocrx_word' id='word_1_56' title='bbox 492 1191 670 1246; x_wconf 88' lang='lat' dir='ltr'>etiam</span> <span class='ocrx_word' id='word_1_57' title='bbox 700 1191 772 1245; x_wconf 87' lang='lat' dir='ltr'>ad</span> <span class='ocrx_word' id='word_1_58' title='bbox 798 1191 854 1245; x_wconf 89' lang='lat' dir='ltr'>id</span> <span class='ocrx_word' id='word_1_59' title='bbox 879 1192 1319 1264; x_wconf 91' lang='lat' dir='ltr'>quodammodo</span> <span class='ocrx_word' id='word_1_60' title='bbox 1348 1203 1692 1265; x_wconf 81' lang='lat' dir='ltr'>cogerentur</span> <span class='ocrx_word' id='word_1_61' title='bbox 1716 1191 1868 1248; x_wconf 91' lang='lat' dir='ltr'>illius</span> 
     </span>
     <span class='ocr_line' id='line_1_10' title="bbox 338 1293 1868 1369; baseline 0.001 -21"><span class='ocrx_word' id='word_1_62' title='bbox 338 1294 458 1349; x_wconf 87' lang='lat' dir='ltr'>Viri</span> <span class='ocrx_word' id='word_1_63' title='bbox 486 1340 500 1369; x_wconf 86' lang='lat'><strong>7</strong></span> <span class='ocrx_word' id='word_1_64' title='bbox 532 1316 565 1349; x_wconf 94' lang='lat' dir='ltr'>a</span> <span class='ocrx_word' id='word_1_65' title='bbox 593 1315 708 1368; x_wconf 89' lang='lat' dir='ltr'>quo</span> <span class='ocrx_word' id='word_1_66' title='bbox 740 1294 1093 1369; x_wconf 87' lang='lat' dir='ltr'>regebantur</span> <span class='ocrx_word' id='word_1_67' title='bbox 1116 1338 1130 1367; x_wconf 92' lang='lat'><strong>7</strong></span> <span class='ocrx_word' id='word_1_68' title='bbox 1159 1293 1503 1350; x_wconf 89' lang='lat' dir='ltr'>auctoritate</span> <span class='ocrx_word' id='word_1_69' title='bbox 1533 1340 1546 1369; x_wconf 89' lang='lat'><strong>7</strong></span> <span class='ocrx_word' id='word_1_70' title='bbox 1577 1295 1736 1367; x_wconf 85' lang='lat' dir='ltr'>cujus</span> <span class='ocrx_word' id='word_1_71' title='bbox 1763 1295 1868 1369; x_wconf 91' lang='lat' dir='ltr'>ipsi</span> 
     </span>
     <span class='ocr_line' id='line_1_11' title="bbox 333 1397 1865 1471; baseline 0 -19"><span class='ocrx_word' id='word_1_72' title='bbox 333 1397 638 1471; x_wconf 81' lang='lat' dir='ltr'>ingenium</span> <span class='ocrx_word' id='word_1_73' title='bbox 666 1442 680 1470; x_wconf 91' lang='lat'><strong>7</strong></span> <span class='ocrx_word' id='word_1_74' title='bbox 726 1397 1187 1471; x_wconf 86' lang='lat' dir='ltr'>industriamque</span> <span class='ocrx_word' id='word_1_75' title='bbox 1215 1397 1470 1453; x_wconf 89' lang='lat' dir='ltr'>colerent</span> <span class='ocrx_word' id='word_1_76' title='bbox 1498 1442 1512 1471; x_wconf 88' lang='lat'><strong>7</strong></span> <span class='ocrx_word' id='word_1_77' title='bbox 1560 1411 1616 1453; x_wconf 91' lang='lat' dir='ltr'>et</span> <span class='ocrx_word' id='word_1_78' title='bbox 1646 1398 1865 1471; x_wconf 90' lang='lat' dir='ltr'>quaesi-</span> 
     </span>
     <span class='ocr_line' id='line_1_12' title="bbox 336 1497 1867 1575; baseline -0.003 -19"><span class='ocrx_word' id='word_1_79' title='bbox 336 1514 459 1556; x_wconf 85' lang='lat' dir='ltr'>tam</span> <span class='ocrx_word' id='word_1_80' title='bbox 484 1501 701 1557; x_wconf 89' lang='lat' dir='ltr'>meritis</span> <span class='ocrx_word' id='word_1_81' title='bbox 731 1502 952 1557; x_wconf 89' lang='lat' dir='ltr'>famam</span> <span class='ocrx_word' id='word_1_82' title='bbox 975 1514 1252 1575; x_wconf 89' lang='lat' dir='ltr'>cuperent</span> <span class='ocrx_word' id='word_1_83' title='bbox 1282 1501 1526 1557; x_wconf 89' lang='lat' dir='ltr'>imitari.</span> <span class='ocrx_word' id='word_1_84' title='bbox 1553 1501 1711 1554; x_wconf 81' lang='lat' dir='ltr'>Adeo</span> <span class='ocrx_word' id='word_1_85' title='bbox 1736 1497 1867 1553; x_wconf 82' lang='lat' dir='ltr'>MA-</span> 
     </span>
     <span class='ocr_line' id='line_1_13' title="bbox 333 1602 1862 1677; baseline 0.001 -22"><span class='ocrx_word' id='word_1_86' title='bbox 333 1602 450 1655; x_wconf 82' lang='lat' dir='ltr'>RIA</span> <span class='ocrx_word' id='word_1_87' title='bbox 479 1602 947 1660; x_wconf 82' lang='lat' dir='ltr'>luculentissimis</span> <span class='ocrx_word' id='word_1_88' title='bbox 975 1605 1157 1659; x_wconf 86' lang='lat' dir='ltr'>Patris</span> <span class='ocrx_word' id='word_1_89' title='bbox 1185 1606 1271 1660; x_wconf 91' lang='lat' dir='ltr'>sui</span> <span class='ocrx_word' id='word_1_90' title='bbox 1297 1604 1545 1677; x_wconf 87' lang='lat' dir='ltr'>vestigiis</span> <span class='ocrx_word' id='word_1_91' title='bbox 1575 1602 1831 1657; x_wconf 84' lang='lat' dir='ltr'>insistens</span> <span class='ocrx_word' id='word_1_92' title='bbox 1848 1648 1862 1676; x_wconf 91' lang='lat'><strong>7</strong></span> 
     </span>
     <span class='ocr_line' id='line_1_14' title="bbox 335 1705 1867 1780; baseline -0.002 -19"><span class='ocrx_word' id='word_1_93' title='bbox 335 1706 652 1780; x_wconf 88' lang='lat' dir='ltr'>Olisiponis</span> <span class='ocrx_word' id='word_1_94' title='bbox 699 1710 861 1762; x_wconf 90' lang='lat' dir='ltr'>omni</span> <span class='ocrx_word' id='word_1_95' title='bbox 912 1707 1136 1762; x_wconf 89' lang='lat' dir='ltr'>ratione</span> <span class='ocrx_word' id='word_1_96' title='bbox 1175 1706 1618 1779; x_wconf 87' lang='lat' dir='ltr'>amplificandae</span> <span class='ocrx_word' id='word_1_97' title='bbox 1645 1705 1867 1778; x_wconf 85' lang='lat' dir='ltr'>cupidi-</span> 
     </span>
     <span class='ocr_line' id='line_1_15' title="bbox 339 1808 1867 1883; baseline 0.002 -21"><span class='ocrx_word' id='word_1_98' title='bbox 339 1820 455 1863; x_wconf 87' lang='lat' dir='ltr'>tate</span> <span class='ocrx_word' id='word_1_99' title='bbox 479 1808 766 1882; x_wconf 87' lang='lat' dir='ltr'>flagrabat</span> <span class='ocrx_word' id='word_1_100' title='bbox 795 1855 809 1883; x_wconf 94' lang='lat'><strong>7</strong></span> <span class='ocrx_word' id='word_1_101' title='bbox 852 1821 918 1864; x_wconf 91' lang='lat' dir='ltr'>ut</span> <span class='ocrx_word' id='word_1_102' title='bbox 939 1808 983 1863; x_wconf 89' lang='lat' dir='ltr'>si</span> <span class='ocrx_word' id='word_1_103' title='bbox 1006 1808 1130 1864; x_wconf 87' lang='lat' dir='ltr'>fieri</span> <span class='ocrx_word' id='word_1_104' title='bbox 1158 1820 1345 1881; x_wconf 90' lang='lat' dir='ltr'>posset</span> <span class='ocrx_word' id='word_1_105' title='bbox 1369 1853 1384 1881; x_wconf 87' lang='lat'><strong>7</strong></span> <span class='ocrx_word' id='word_1_106' title='bbox 1428 1829 1560 1863; x_wconf 93' lang='lat' dir='ltr'>eam</span> <span class='ocrx_word' id='word_1_107' title='bbox 1601 1808 1867 1864; x_wconf 89' lang='lat' dir='ltr'>omnium</span> 
     </span>
     <span class='ocr_line' id='line_1_16' title="bbox 334 1910 1865 1985; baseline -0.001 -19"><span class='ocrx_word' id='word_1_108' title='bbox 334 1924 622 1985; x_wconf 89' lang='lat' dir='ltr'>quotquot</span> <span class='ocrx_word' id='word_1_109' title='bbox 648 1912 708 1966; x_wconf 89' lang='lat' dir='ltr'>in</span> <span class='ocrx_word' id='word_1_110' title='bbox 738 1910 896 1966; x_wconf 87' lang='lat' dir='ltr'>Orbe</span> <span class='ocrx_word' id='word_1_111' title='bbox 927 1924 1213 1968; x_wconf 86' lang='lat' dir='ltr'>terrarum</span> <span class='ocrx_word' id='word_1_112' title='bbox 1242 1924 1372 1967; x_wconf 93' lang='lat' dir='ltr'>sunt</span> <span class='ocrx_word' id='word_1_113' title='bbox 1404 1956 1418 1984; x_wconf 87' lang='lat'><strong>7</strong></span> <span class='ocrx_word' id='word_1_114' title='bbox 1446 1911 1865 1984; x_wconf 87' lang='lat' dir='ltr'>praestantissi-</span> 
     </span>
     <span class='ocr_line' id='line_1_17' title="bbox 335 2012 1859 2086; baseline -0.002 -17"><span class='ocrx_word' id='word_1_115' title='bbox 335 2035 569 2071; x_wconf 89' lang='lat' dir='ltr'>marum</span> <span class='ocrx_word' id='word_1_116' title='bbox 595 2012 830 2069; x_wconf 87' lang='lat' dir='ltr'>urbium</span> <span class='ocrx_word' id='word_1_117' title='bbox 869 2015 1093 2069; x_wconf 90' lang='lat' dir='ltr'>efficere</span> <span class='ocrx_word' id='word_1_118' title='bbox 1115 2013 1389 2070; x_wconf 86' lang='lat' dir='ltr'>voluisset</span> <span class='ocrx_word' id='word_1_119' title='bbox 1418 2013 1859 2086; x_wconf 88' lang='lat' dir='ltr'>amplissimam.</span> 
     </span>
     <span class='ocr_line' id='line_1_18' title="bbox 335 2113 1864 2190; baseline 0.001 -21"><span class='ocrx_word' id='word_1_120' title='bbox 335 2113 533 2190; x_wconf 86' lang='lat' dir='ltr'>Itaque</span> <span class='ocrx_word' id='word_1_121' title='bbox 579 2116 759 2173; x_wconf 89' lang='lat' dir='ltr'>sicubi</span> <span class='ocrx_word' id='word_1_122' title='bbox 807 2117 1072 2172; x_wconf 88' lang='lat' dir='ltr'>auditum</span> <span class='ocrx_word' id='word_1_123' title='bbox 1103 2129 1242 2172; x_wconf 89' lang='lat' dir='ltr'>esset</span> <span class='ocrx_word' id='word_1_124' title='bbox 1287 2128 1385 2170; x_wconf 89' lang='lat' dir='ltr'>aut</span> <span class='ocrx_word' id='word_1_125' title='bbox 1413 2116 1713 2189; x_wconf 88' lang='lat' dir='ltr'>egregium</span> <span class='ocrx_word' id='word_1_126' title='bbox 1738 2137 1864 2173; x_wconf 91' lang='lat' dir='ltr'>me—</span> 
     </span>
     <span class='ocr_line' id='line_1_19' title="bbox 336 2217 1863 2295; baseline -0.002 -22"><span class='ocrx_word' id='word_1_127' title='bbox 336 2220 535 2276; x_wconf 85' lang='lat' dir='ltr'>dicum</span> <span class='ocrx_word' id='word_1_128' title='bbox 582 2241 698 2276; x_wconf 91' lang='lat' dir='ltr'>esse</span> <span class='ocrx_word' id='word_1_129' title='bbox 732 2266 746 2295; x_wconf 94' lang='lat'><strong>7</strong></span> <span class='ocrx_word' id='word_1_130' title='bbox 791 2233 890 2275; x_wconf 91' lang='lat' dir='ltr'>aut</span> <span class='ocrx_word' id='word_1_131' title='bbox 932 2221 1216 2275; x_wconf 87' lang='lat' dir='ltr'>acriorem</span> <span class='ocrx_word' id='word_1_132' title='bbox 1256 2231 1499 2273; x_wconf 87' lang='lat' dir='ltr'>naturae</span> <span class='ocrx_word' id='word_1_133' title='bbox 1542 2217 1863 2292; x_wconf 85' lang='lat' dir='ltr'>speculato-</span> 
     </span>
     <span class='ocr_line' id='line_1_20' title="bbox 340 2321 1864 2399; baseline -0.001 -21"><span class='ocrx_word' id='word_1_134' title='bbox 340 2343 467 2379; x_wconf 88' lang='lat' dir='ltr'>rem</span> <span class='ocrx_word' id='word_1_135' title='bbox 493 2370 507 2399; x_wconf 94' lang='lat'><strong>7</strong></span> <span class='ocrx_word' id='word_1_136' title='bbox 554 2338 652 2380; x_wconf 92' lang='lat' dir='ltr'>aut</span> <span class='ocrx_word' id='word_1_137' title='bbox 702 2324 1045 2399; x_wconf 82' lang='lat' dir='ltr'>diligentem</span> <span class='ocrx_word' id='word_1_138' title='bbox 1097 2322 1410 2378; x_wconf 87' lang='lat' dir='ltr'>herbarum</span> <span class='ocrx_word' id='word_1_139' title='bbox 1443 2366 1457 2393; x_wconf 88' lang='lat'><strong>7</strong></span> <span class='ocrx_word' id='word_1_140' title='bbox 1499 2321 1864 2395; x_wconf 88' lang='lat' dir='ltr'>plantarum-</span> 
     </span>
     <span class='ocr_line' id='line_1_21' title="bbox 337 2424 1863 2501; baseline -0.001 -21"><span class='ocrx_word' id='word_1_141' title='bbox 337 2444 453 2498; x_wconf 88' lang='lat' dir='ltr'>que</span> <span class='ocrx_word' id='word_1_142' title='bbox 503 2427 972 2501; x_wconf 86' lang='lat' dir='ltr'>investigatorem</span> <span class='ocrx_word' id='word_1_143' title='bbox 1002 2470 1016 2499; x_wconf 89' lang='lat'><strong>7</strong></span> <span class='ocrx_word' id='word_1_144' title='bbox 1062 2437 1161 2481; x_wconf 89' lang='lat' dir='ltr'>aut</span> <span class='ocrx_word' id='word_1_145' title='bbox 1207 2424 1731 2480; x_wconf 88' lang='lat' dir='ltr'>astronomicarum</span> <span class='ocrx_word' id='word_1_146' title='bbox 1777 2443 1863 2478; x_wconf 88' lang='lat' dir='ltr'>re-</span> 
     </span>
     <span class='ocr_line' id='line_1_22' title="bbox 339 2526 1863 2603; baseline -0.005 -15"><span class='ocrx_word' id='word_1_147' title='bbox 339 2550 470 2588; x_wconf 83' lang='lat' dir='ltr'>rum</span> <span class='ocrx_word' id='word_1_148' title='bbox 495 2573 509 2602; x_wconf 96' lang='lat'><strong>7</strong></span> <span class='ocrx_word' id='word_1_149' title='bbox 551 2531 999 2586; x_wconf 88' lang='lat' dir='ltr'>mathematicae</span> <span class='ocrx_word' id='word_1_150' title='bbox 1028 2575 1042 2603; x_wconf 87' lang='lat'><strong>7</strong></span> <span class='ocrx_word' id='word_1_151' title='bbox 1085 2531 1423 2602; x_wconf 88' lang='lat' dir='ltr'>staticesque</span> <span class='ocrx_word' id='word_1_152' title='bbox 1452 2528 1686 2583; x_wconf 85' lang='lat' dir='ltr'>scientia</span> <span class='ocrx_word' id='word_1_153' title='bbox 1713 2526 1863 2601; x_wconf 86' lang='lat' dir='ltr'>peri-</span> 
     </span>
     <span class='ocr_line' id='line_1_23' title="bbox 341 2625 1889 2710; baseline -0.006 -17"><span class='ocrx_word' id='word_1_154' title='bbox 341 2637 548 2693; x_wconf 87' lang='lat' dir='ltr'>tiorem</span> <span class='ocrx_word' id='word_1_155' title='bbox 571 2680 585 2710; x_wconf 95' lang='lat'><strong>7</strong></span> <span class='ocrx_word' id='word_1_156' title='bbox 631 2654 698 2692; x_wconf 85' lang='lat' dir='ltr'>eo</span> <span class='ocrx_word' id='word_1_157' title='bbox 742 2635 971 2710; x_wconf 87' lang='lat' dir='ltr'>magnis</span> <span class='ocrx_word' id='word_1_158' title='bbox 991 2634 1244 2709; x_wconf 83' lang='lat' dir='ltr'>Reginae</span> <span class='ocrx_word' id='word_1_159' title='bbox 1270 2631 1592 2706; x_wconf 80' lang='lat' dir='ltr'>sumptibus</span> <span class='ocrx_word' id='word_1_160' title='bbox 1623 2631 1861 2687; x_wconf 85' lang='lat' dir='ltr'>adibant</span> <span class='ocrx_word' id='word_1_161' title='bbox 1886 2625 1889 2628; x_wconf 40' lang='lat'><strong><em>¹</em></strong></span> 
     </span>
    </p>
   </div>
  </div>
 </body>
</html>
