2253 3340
1093 353 1129 404 8

349 476 470 517 tam
496 480 615 516 esse
643 459 1006 516 laetabantur
1034 505 1049 535 7
1097 480 1247 534 quae
1276 481 1382 537 pro
1410 464 1616 539 populi
1653 467 1740 521 sui
1788 469 1877 523 in-

352 563 688 619 columitate
713 609 727 636 7
773 584 838 618 ac
862 562 1044 619 salute
1072 564 1255 618 vitam
1300 565 1572 637 periculis
1603 568 1875 623 omnibus

352 685 472 720 non
501 665 792 720 dubitaret
841 666 1048 721 offerre
1079 685 1091 721 ε
1134 666 1430 723 Deboram
1460 668 1561 723 alii
1604 670 1876 725 revixisse

350 766 772 840 praedicabant
802 811 815 840 7
861 767 1023 839 cujus
1050 766 1263 822 virtute
1293 812 1307 840 7
1355 782 1527 842 atque
1565 771 1877 843 prudentia

349 866 411 920 in
440 887 581 941 pace
612 913 626 941 7
674 881 730 923 et
774 867 893 922 otio
923 914 937 941 7
984 888 1328 941 summaque
1355 868 1418 922 in
1449 870 1876 942 tranquillitate

344 986 581 1043 possent
608 972 917 1027 consistere
941 1016 952 1026 .
997 972 1142 1026 Huic
1169 971 1347 1046 igitur
1373 987 1567 1029 tantae
1593 975 1876 1029 virtutum

345 1069 533 1124 indoli
560 1117 573 1143 7
605 1072 738 1126 huic
768 1085 888 1126 tam
915 1071 1133 1144 bonae7
1161 1085 1397 1145 tamque
1422 1074 1694 1129 omnium
1716 1069 1875 1129 com-

340 1173 508 1228 muni
531 1172 924 1247 expectationi
949 1218 962 1244 7
1010 1194 1126 1245 qua
1144 1171 1368 1226 MARIA
1397 1174 1624 1229 ratione
1654 1175 1874 1231 satisfe-

340 1277 482 1332 cerit
507 1322 523 1351 7
548 1295 1008 1331 commemorare
1032 1320 1045 1348 7
1076 1294 1211 1329 cum
1232 1274 1345 1347 Ipsi
1369 1275 1693 1347 gloriosum
1717 1278 1870 1333 exis—

340 1376 484 1433 timo
517 1422 531 1452 7
588 1392 712 1435 tum
742 1376 919 1434 Vobis
947 1376 1373 1454 perjucundum
1421 1378 1545 1434 fore
1593 1399 1716 1435 11011
1764 1381 1873 1437 du„

337 1481 459 1539 bito
491 1526 502 1539 .

492 1588 987 1661 Quotiescumque
1027 1587 1143 1642 diei
1184 1587 1341 1641 illius
1385 1587 1739 1641 memoriam
1786 1608 1873 1643 re—

338 1703 479 1764 puto
512 1735 525 1764 7
555 1711 670 1764 quo
703 1691 796 1745 die
821 1691 964 1745 Eam
993 1688 1180 1763 Regni
1210 1689 1366 1761 leges
1395 1690 1466 1743 ad
1502 1688 1740 1761 Imperii
1770 1709 1874 1762 gu-

338 1796 653 1849 bernacula
678 1806 1030 1848 vocaverunt
1055 1838 1069 1866 7
1122 1791 1289 1847 toties
1318 1791 1574 1865 Reginae
1606 1805 1870 1864 aspectus

337 1895 483 1951 solet
509 1915 805 1950 occurrere
833 1893 1041 1950 crediti
1067 1892 1326 1948 muneris
1351 1890 1759 1945 difficultatem
1782 1893 1871 1947 Se-

336 2017 471 2054 cum
521 1998 692 2053 tacite
720 1995 1141 2052 considerantis
1171 2039 1187 2067 7
1235 2006 1291 2048 et
1327 2013 1441 2066 quo
1470 2005 1643 2065 pacto
1672 2011 1870 2048 rerum

338 2100 612 2175 gravitati
663 2145 677 2173 7
723 2099 1078 2173 populorum
1133 2093 1531 2168 expectationi
1585 2112 1824 2147 suorum
1853 2138 1868 2166 7

336 2205 706 2275 Avorumque
752 2198 1129 2274 amplitudini
1177 2196 1532 2252 satisfaceret
1557 2240 1570 2267 7
1615 2214 1868 2266 perpen-

336 2308 520 2363 dentis
545 2328 556 2363 ε
600 2307 757 2373 Quid
784 2305 930 2359 Mihi
958 2307 975 2374 (
1006 2303 1087 2357 ita
1113 2301 1273 2357 enim
1296 2300 1504 2356 Secum
1531 2298 1871 2370 loquentem

336 2412 538 2466 videor
593 2411 793 2467 audire
849 2418 867 2485 )
925 2407 1066 2481 quid
1129 2405 1276 2459 Mihi
1326 2402 1744 2478 praestandum
1796 2398 1870 2453 sit

340 2533 590 2588 agnosco
623 2558 636 2584 7
665 2513 855 2567 oneris
884 2510 1216 2585 gravititem
1245 2505 1429 2563 sentio
1463 2525 1476 2576 ς
1505 2504 1596 2558 sed
1629 2520 1744 2574 quo
1772 2498 1867 2554 Me

341 2629 567 2671 vertam
594 2615 786 2672 nescio
811 2635 822 2670 z
866 2613 1056 2669 Tuam
1080 2630 1254 2686 opem
1279 2654 1293 2684 7
1342 2623 1508 2663 tuum
1533 2650 1546 2679 7
1574 2603 1729 2660 Deus
1752 2600 1864 2656 Im-
