2253 3340
1061 359 1126 414 l7

327 470 400 508 ex
448 449 748 508 Lusitania
775 450 1002 524 juvenes
1033 495 1047 524 7
1094 469 1348 525 quorum
1375 468 1671 526 praestans
1699 460 1862 532 inge·

320 554 487 610 nium
517 598 533 628 7
576 566 992 627 perspectaque
1017 553 1303 609 industria
1330 558 1618 628 quaesitos
1643 605 1658 634 7
1703 581 1861 617 acce—

322 671 567 734 ptosque
613 657 848 713 aliunde
897 657 1297 715 doctrinarum
1347 660 1568 717 fructus
1606 663 1858 738 Olisipo-

320 780 458 818 nem
487 760 856 817 transferrent
883 805 895 817 .

477 865 565 919 Ad
588 864 947 920 Litterarum
970 867 1149 923 etiam
1170 869 1360 923 studia
1387 870 1681 926 excitabat
1706 891 1862 930 acres

319 967 554 1043 ingenio
581 967 916 1041 Lusitanos7
946 982 1002 1025 et
1032 970 1285 1026 discendi
1315 973 1561 1046 cupidos
1588 970 1863 1030 MARIAE

318 1070 637 1128 liberalitas
666 1116 681 1144 7
727 1085 782 1128 et
813 1072 1126 1128 accedebat
1155 1075 1365 1130 eodem
1393 1076 1640 1151 diligens
1679 1097 1819 1133 cura
1841 1123 1859 1154 7

318 1192 469 1245 quae
499 1192 807 1254 nunquam
833 1194 999 1247 passa
1021 1188 1102 1232 est
1126 1196 1221 1232 eos
1251 1177 1471 1250 aliquid
1497 1199 1568 1234 ex
1597 1180 1663 1235 iis
1691 1200 1858 1254 prae-

312 1273 469 1330 sidiis
523 1275 853 1331 desiderare
882 1320 898 1349 7
941 1276 1148 1349 quibus
1202 1277 1428 1334 facilius
1473 1322 1489 1352 7
1542 1279 1858 1354 utiliusque

310 1392 544 1453 possent
602 1379 815 1436 harum
862 1380 1302 1455 disciplinarum
1348 1402 1581 1440 cursum
1621 1398 1815 1442 tenere
1842 1430 1854 1441 .

309 1482 740 1540 Bibliothecam
769 1485 1002 1557 optimis
1043 1485 1312 1542 omnium
1364 1486 1733 1544 scientiarum
1781 1489 1856 1544 li-

312 1587 427 1641 bris
481 1586 914 1643 refertissimam
958 1602 1158 1661 patere
1198 1589 1385 1644 voluit
1414 1634 1427 1660 7
1476 1590 1642 1664 eique
1675 1591 1856 1650 talem

306 1691 591 1764 pecuniae
617 1712 914 1748 summam
941 1691 1207 1748 attribuit
1235 1738 1249 1766 7
1281 1692 1470 1767 qualis
1500 1707 1555 1749 et
1583 1714 1689 1768 par
1709 1690 1855 1769 'quo-

308 1795 537 1851 tidianis
569 1795 899 1870 sumptibus
944 1810 1087 1852 essct
1110 1841 1125 1869 7
1173 1811 1229 1852 et
1256 1799 1407 1853 unde
1446 1798 1581 1852 novi
1608 1797 1851 1855 subinde

304 1899 657 1972 prodeuntes
681 1898 743 1954 in
766 1897 959 1955 lucem
980 1899 1116 1955 libri
1138 1914 1617 1975 compararentur
1634 1899 1851 1959 ,Tuam

310 2020 449 2075 ergo
474 2045 489 2073 7
515 2001 742 2076 Olisipo
775 2046 791 2074 7
835 2022 965 2058 vere
990 2003 1226 2059 beatam
1247 2001 1472 2057 MARIA
1498 2003 1534 2058 l.
1561 2004 1851 2079 imperan-

308 2117 362 2161 te
414 2107 810 2165 conditionem
844 2102 857 2162 Ῐ
898 2106 1092 2163 Tuum
1146 2108 1306 2164 enim
1360 2107 1578 2184 Regina
1624 2110 1794 2166 decus
1829 2119 1866 2184 7'

306 2221 473 2265 tuam
503 2209 757 2284 gloriam
785 2213 1061 2285 spectavit
1089 2256 1104 2284 7
1163 2231 1299 2266 cum
1346 2213 1419 2265 ad
1469 2212 1845 2269 Academiam

307 2310 480 2369 illam
509 2313 772 2370 animum
801 2359 816 2387 7
860 2328 1236 2389 mentemque
1289 2315 1550 2371 admovit
1581 2361 1595 2389 7
1639 2317 1698 2371 in
1728 2338 1844 2391 qua

313 2416 501 2471 omnis
531 2418 827 2475 doctrinae
851 2464 866 2489 7
912 2439 978 2474 ac
1019 2420 1291 2476 scientiae
1319 2419 1498 2476 veluti
1525 2420 1869 2495 palestram.

304 2521 578 2594 patefecit
609 2566 622 2593 7
666 2522 768 2578 ubi
794 2523 1426 2597 praestantissimorum
1464 2526 1639 2582 totius
1668 2524 1840 2580 Urbis

308 2619 582 2682 Virorum
623 2629 701 2683 ita
740 2649 797 2684 se
823 2628 1047 2685 efferret
1072 2628 1335 2686 alacritas
1359 2674 1374 2705 7
1419 2642 1483 2685 ut
1509 2649 1624 2684 non
1648 2630 1839 2686 solum

1397 2742 1430 2776 c
