2253 3340
1031 382 1100 436 19

302 482 403 556 qui
429 482 503 538 ad
521 499 687 554 spem
714 489 1012 533 tantarum
1037 475 1345 550 regionum
1365 494 1500 532 cum
1526 476 1838 533 invisenda-

302 602 434 638 rum
462 627 478 655 7
522 594 648 638 tum
677 581 856 637 etiam
882 579 1411 636 conservandarum
1439 579 1781 637 erudiuntur
1808 583 1837 634 ’ἓ

300 684 387 738 Ad
417 683 572 739 hunc
609 701 749 756 ergo
780 683 959 739 finem
992 679 1269 736 MARIAE
1303 680 1545 737 consilio
1575 724 1591 753 7
1646 694 1702 736 et
1747 703 1841 738 sa·-

301 787 522 861 pientia
551 786 736 842 altera
759 799 960 860 aperta
982 799 1064 842 est
1086 785 1387 861 Olisipone
1413 785 1758 858 Academia,
1781 786 1841 840 in

304 913 450 966 qua7
481 889 921 947 incredibilibus
949 891 1132 947 ferme
1162 889 1842 965 praemiis7muneribus-

302 1014 415 1069 que
440 993 742 1050 ostentatis
757 1038 772 1067 7
794 995 1165 1050 nauticarum
1180 1037 1194 1066 7
1211 1012 1278 1048 ac
1300 991 1739 1050 maritimarum
1759 1014 1840 1050 re-

303 1118 435 1155 rum
459 1086 736 1171 peritiam
760 1142 775 1171 7
804 1116 1089 1172 usumque
1116 1097 1465 1154 confluentes
1496 1117 1567 1153 ex
1589 1109 1711 1152 toto
1741 1097 1841 1153 Re-

302 1221 422 1276 gno
455 1201 685 1274 juvenes
713 1215 1198 1276 consequerentur
1227 1246 1241 1258 .
1285 1204 1366 1278 (l)
1393 1201 1479 1256 Ad
1507 1201 1838 1277 hujusmodi

303 1301 527 1358 scilicet
554 1303 815 1360 studium
839 1348 853 1377 7
884 1317 938 1359 et
968 1323 1174 1359 curam
1213 1304 1530 1360 incitabant
1552 1304 1840 1379 Reginam

300 1403 594 1479 Majorum
626 1406 902 1481 exempla
930 1407 1301 1481 adaequandi
1339 1407 1617 1481 cupidam
1646 1450 1661 1479 7
1705 1425 1838 1464 cur-

298 1521 635 1583 rentemque
663 1509 1021 1584 quibusdam
1049 1510 1214 1585 quasi
1258 1510 1504 1567 stimulis
1549 1511 1839 1585 urgebant

292 1614 580 1688 praeclari
610 1659 625 1689 7
672 1627 847 1689 atque
893 1615 968 1669 ad
1019 1633 1261 1671 omnem
1289 1617 1683 1689 posteritatem
1709 1616 1837 1691 glo-

296 1717 432 1774 riosi
458 1718 517 1772 in
544 1737 606 1775 re
634 1718 833 1774 navali
859 1738 1143 1775 successus
1173 1718 1402 1795 Regum
1431 1719 1701 1793 illorum7
1730 1740 1835 1794 per

294 1839 437 1895 quos
465 1822 539 1876 ad
567 1820 1047 1878 fructuosissimas
1075 1819 1333 1876 Orientis
1373 1820 1566 1878 Indias
1611 1823 1834 1897 primus

294 1937 375 1981 est
404 1924 592 1980 aditus
620 1925 948 1999 patefactus
979 1944 993 1995 z,
1038 1945 1143 1998 per
1172 1943 1315 1999 quos
1347 1925 1554 1981 deinde
1585 1938 1746 1980 tanta
1773 1926 1836 1981 in

294 2029 571 2083 America
590 2028 743 2083 facta
768 2042 848 2085 est
877 2028 1213 2105 Regnorum
1243 2028 1488 2085 accessio
1520 2071 1532 2083 .
1613 2095 1623 2107 ⁴

449 2129 559 2185 Sed
588 2152 622 2186 a
650 2131 814 2206 regio
844 2130 1182 2205 splendore7
1215 2143 1271 2186 et
1296 2131 1631 2204 majestate,
1662 2131 1734 2188 ab
1764 2131 1833 2188 il-

293 2231 460 2289 lustri
479 2278 493 2306 7
525 2246 578 2288 et
605 2233 917 2308 magnifico
946 2232 1215 2308 Imperii7
1241 2253 1306 2288 ac
1334 2232 1641 2308 regionum
1672 2255 1832 2309 aspe—

298 2348 398 2390 ctu
423 2335 719 2411 paulisper
744 2336 941 2393 oculos
964 2357 1366 2394 removeamus
1391 2357 1406 2408 ς
1435 2349 1490 2392 et
1515 2337 1712 2404 Quam
1740 2340 1833 2394 ad-

294 2439 406 2495 huc
434 2439 686 2498 vidimus
720 2443 791 2498 de
817 2462 961 2517 pace
982 2489 996 2518 7
1041 2456 1096 2499 et
1127 2442 1548 2517 tranquillitate
1578 2488 1593 2518 7
1637 2445 1708 2499 de
1739 2463 1830 2499 or-

296 2546 585 2603 namentis
608 2591 623 2620 7
672 2561 729 2603 et
770 2547 1062 2624 dignitate
1086 2547 1271 2623 Regni
1292 2547 1379 2605 sui
1413 2547 1782 2605 laborantem
1812 2592 1828 2621 7

420 2686 484 2734 (ι)
514 2686 592 2734 Leg.
611 2687 695 2725 edit.
709 2687 822 2725 Nonis
852 2689 944 2724 Sext.
963 2687 1257 2724 MDCCLXXIX.

1394 2770 1425 2803 2
