2253 3340
1000 375 1067 430 31

426 496 632 568 Unumx
653 495 830 552 etiam
860 493 933 549 ad
963 504 1087 548 tam
1114 491 1414 567 egregiam
1438 490 1689 567 Reginae
1719 493 1808 548 be-

271 599 623 676 nignitatem
672 598 989 672 adjungam
1029 595 1276 672 dignum
1304 594 1565 668 profecto
1594 639 1609 667 7
1654 595 1812 668 quod

273 703 332 759 in
358 715 441 758 tot
466 746 481 776 7
514 722 580 758 ac
605 702 777 757 tantis
804 700 1083 774 Ejusdem
1106 700 1378 755 laudibus
1406 712 1764 755 recenseatur
1792 742 1805 755 .

273 805 525 862 Pertinet
551 805 706 861 enim
738 803 810 859 ad
838 803 1171 878 puellarum
1204 801 1625 858 institutionem
1655 847 1670 875 7
1714 821 1813 857 un-

273 911 348 966 de
391 909 705 967 commoda
726 928 872 982 pene
902 909 1209 964 innumera
1251 918 1306 962 et
1334 905 1394 960 in
1420 906 1679 980 privatas
1726 905 1816 960 fa·-

274 1013 468 1069 milias
497 1059 511 1087 7
559 1027 615 1070 et
646 1014 704 1068 in
735 1032 970 1068 omnem
998 1011 1430 1086 rempublicam
1453 1012 1816 1085 proficiscun-

275 1125 367 1169 tur
397 1158 409 1169 .
452 1115 776 1171 Communi
805 1116 1070 1168 omnium
1097 1132 1361 1171 sermone
1390 1161 1405 1188 7
1446 1136 1511 1171 ac
1540 1116 1813 1172 laudibus

273 1218 558 1275 celebrari
604 1218 878 1274 audiebat
918 1235 1108 1273 sacras
1156 1216 1286 1272 illas
1313 1216 1578 1291 Virgines
1610 1264 1624 1290 7
1676 1238 1816 1292 quas

277 1344 311 1378 a
337 1321 488 1378 Divo
515 1322 736 1378 Salesio
763 1323 1172 1378 nominamus:
1214 1320 1569 1378 Dicebantur
1624 1322 1696 1376 ab
1748 1322 1818 1378 iis

278 1426 560 1483 educatae
588 1424 820 1500 puellae
848 1424 1013 1481 domi
1041 1444 1178 1482 suae
1207 1423 1606 1500 diligentiores
1640 1469 1655 1498 7
1701 1436 1754 1480 et
1783 1445 1817 1479 a

278 1527 423 1585 luxu
453 1574 468 1602 7
496 1528 836 1602 desidiaque
864 1528 1206 1584 remotiores
1237 1547 1252 1599 3
1299 1527 1651 1603 eaedemque
1677 1547 1816 1602 nup-

276 1643 368 1685 tae
407 1628 738 1686 ferebantur
765 1643 891 1686 tum
920 1630 1059 1685 viris
1089 1632 1206 1686 suis
1233 1631 1515 1706 gratiores
1549 1676 1563 1706 7
1608 1643 1733 1687 tum
1762 1630 1822 1684 in

276 1732 476 1789 liberis
508 1732 870 1790 instituendis
917 1732 1105 1790 solere
1136 1752 1255 1789 esse
1283 1732 1596 1790 severiores
1621 1776 1633 1788 .
1677 1733 1819 1788 Por-

278 1854 346 1891 ro
370 1836 497 1911 quis
538 1836 773 1910 ignorat
803 1857 875 1893 ex
905 1837 1133 1911 optima
1159 1836 1675 1894 matrumfamilias
1728 1837 1822 1893 di-

280 1940 527 2015 sciplina
572 1940 824 2015 optimos
862 1941 1099 2015 prodire
1128 1939 1342 1997 liberos
1377 1983 1392 2014 7
1437 1941 1538 2015 qui
1573 1942 1826 2015 parenti-

280 2041 386 2098 bus
414 2045 529 2099 suis
555 2043 765 2099 solatio
792 2088 806 2115 7
838 2057 894 2099 et
920 2043 1150 2100 Patriae
1181 2090 1195 2118 7
1221 2055 1395 2119 atque
1425 2045 1571 2101 adeo
1599 2046 1822 2103 univer-

281 2165 344 2203 so
374 2147 683 2205 hominum
711 2149 909 2224 generi
937 2148 1116 2203 futuri
1143 2149 1255 2204 sint
1285 2163 1629 2206 ornamento
1654 2194 1666 2205 .
1710 2149 1827 2206 Ha-

248 2272 416 2320 „rum
449 2250 676 2310 MARIA
714 2252 1040 2309 utilitatum
1067 2272 1166 2329 spe
1198 2255 1430 2310 incensa
1458 2300 1473 2329 7
1520 2256 1720 2330 ampla
1750 2256 1825 2311 ad

287 2377 419 2414 eam
445 2377 573 2415 rem
596 2355 792 2411 Domo
826 2377 859 2411 a
886 2356 1281 2440 fundamentis
1314 2358 1565 2415 excitata
1588 2404 1603 2434 7
1650 2379 1834 2433 eoque

286 2482 460 2521 censu
509 2463 789 2520 attributo
822 2508 836 2537 7
887 2483 957 2519 ex
985 2482 1101 2538 quo
1129 2463 1557 2538 perliberaliter
1598 2463 1834 2540 excipe-

288 2578 486 2622 rentur
518 2610 533 2639 7
587 2579 643 2624 et
695 2566 1047 2624 haberentur
1083 2612 1101 2642 7
1154 2566 1379 2625 Urbem
1433 2589 1603 2626 suam
1653 2570 1828 2627 sacris

289 2667 407 2723 illis
454 2668 791 2746 Virginibus
849 2671 1012 2727 auxit
1043 2717 1057 2748 7
1104 2672 1440 2749 ornavitque
1465 2718 1480 2749 7
1523 2687 1586 2731 ut
1640 2678 1708 2731 ea
1756 2694 1829 2730 ne
