2253 3340
1021 360 1100 431 26

287 489 465 545 taque
497 469 632 543 Ejus
660 470 982 527 dominatio
1011 472 1087 527 sit
1114 518 1129 548 7
1174 475 1386 531 crebris
1416 497 1450 532 a
1482 476 1604 534 Deo
1630 481 1820 553 preci-

285 576 390 633 bus
416 576 817 634 contendimus
845 621 859 650 ⁷
889 590 941 632 et
969 578 1305 654 flagitamus
1331 624 1344 636 .

442 679 520 735 Ut
543 698 719 755 porro
749 680 888 737 haec
916 680 1118 737 omnia
1147 726 1161 755 ⁷
1209 702 1357 757 quae
1381 685 1511 759 Ipsa
1548 687 1621 742 ad
1652 699 1818 742 tuen-

285 784 426 840 dam
449 827 465 856 ⁷
510 784 949 858 augendamque
975 784 1337 860 Religionem
1360 788 1696 863 perfecerat,
1726 791 1821 844 fir-

283 908 384 943 ma
412 932 427 961 ,
474 907 539 943 ac
575 887 809 943 stabilia
851 889 1225 962 perdurarent
1257 934 1272 963 7
1302 891 1370 946 iis
1417 892 1688 947 subsidiis
1737 906 1819 948 est

280 1012 386 1048 usa
404 1038 418 1066 ⁷
449 992 659 1065 quibus
689 992 960 1066 neglectis
977 1036 991 1065 9
1017 995 1219 1048 omnia
1245 993 1427 1050 solent
1453 995 1817 1052 labefactari.

278 1093 713 1150 Firmissimum
755 1113 888 1149 sane
932 1093 1252 1170 Religionis
1280 1098 1640 1170 praesidium
1685 1095 1820 1152 MA-

280 1197 395 1253 RIA
445 1215 561 1252 esse
606 1197 865 1270 positum
891 1196 1280 1253 arbitrabatur
1309 1199 1368 1253 in
1393 1217 1596 1254 eorum
1625 1199 1820 1254 homi-

278 1321 423 1357 num
451 1299 735 1375 coetibus,
768 1299 869 1373 qui
899 1345 914 1373 ⁷
938 1318 1074 1355 cum
1101 1320 1160 1357 se
1187 1322 1222 1356 a
1246 1300 1410 1376 vulgi
1433 1303 1703 1376 strepitu7
1735 1314 1822 1356 at-

279 1424 390 1479 que
420 1403 493 1459 ab
523 1402 689 1459 omni
717 1401 1034 1457 ambitione
1064 1402 1440 1458 removissent
1471 1450 1487 1478 ,
1532 1403 1591 1458 in
1617 1402 1821 1459 solitu-

278 1509 478 1564 dinem
508 1551 523 1580 ,
565 1517 620 1561 et
648 1505 903 1562 claustra
928 1505 1304 1581 confugerant
1328 1551 1342 1580 ‚
1368 1520 1434 1562 ut
1461 1506 1715 1563 aliarum
1740 1526 1819 1562 re-

281 1630 416 1667 rum
442 1608 834 1664 sollicitudine
859 1609 1030 1664 vacui
1061 1652 1077 1682 ⁷
1118 1610 1221 1664 uni
1261 1608 1383 1664 Deo
1412 1608 1507 1664 sui·
1529 1607 1819 1683 probandi

277 1733 483 1770 curam
510 1713 855 1787 susciperent
885 1755 897 1767 .
952 1712 1273 1787 Reputabat
1303 1714 1499 1768 animo
1531 1757 1547 1787 ‚
1601 1726 1821 1786 quanta

278 1817 461 1891 primi
507 1815 595 1871 illi
645 1815 793 1871 tanti
841 1814 1072 1871 consilii
1118 1817 1389 1872 Auctores
1434 1829 1530 1872 aut
1581 1833 1820 1871 morum

280 1917 608 1991 integritate
653 1960 668 1987 .,
740 1929 837 1971 aut
892 1915 1234 1971 divitiarum
1272 1960 1287 1988 9
1331 1934 1583 1989 quarum
1625 1935 1826 1971 amore

279 2021 448 2076 ceteri
476 2020 779 2094 rapiuntur
803 2063 818 2092 ‚
862 2019 1238 2094 despicientia
1278 2020 1554 2094 fuissent3
1599 2032 1820 2094 quanta

281 2122 382 2179 alii
404 2142 706 2179 sacrarum
730 2123 1056 2179 litterarum
1084 2122 1258 2179 laude
1284 2122 1611 2180 floruissent
1633 2141 1649 2195 3
1696 2143 1819 2180 eos-

281 2239 480 2300 queet
510 2247 544 2281 a
569 2225 827 2282 Summis
853 2224 1230 2283 Pontificibus
1258 2239 1457 2283 auctos
1482 2272 1496 2301 ,
1524 2226 1822 2303 probatos-

281 2348 392 2403 que
417 2373 433 2403 ,
488 2340 544 2384 et
572 2350 607 2384 a
650 2327 902 2403 Regibus
934 2373 948 2397 ‚
995 2349 1060 2385 ac
1088 2328 1457 2403 Principibus
1504 2330 1577 2385 ad
1607 2349 1823 2404 regno-

281 2449 416 2485 rum
442 2431 617 2488 decus
645 2477 661 2507 ,
690 2445 868 2507 atque
899 2432 1221 2490 utilitatem
1251 2432 1462 2489 accitos
1492 2475 1505 2488 .
1555 2432 1673 2489 Hos
1705 2430 1821 2507 igi-

285 2544 377 2590 tur
412 2532 520 2590 Illa
571 2548 855 2610 tanquam
907 2535 1313 2593 invictissimos
1355 2535 1677 2612 Religionis
1702 2535 1823 2591 Ca-

283 2636 534 2695 tholicae
594 2638 812 2695 milites
865 2659 1093 2714 semper
1145 2640 1361 2697 habens
1413 2660 1484 2697 ex
1536 2660 1655 2697 non
1708 2660 1824 2696 me·
