2253 3340
1096 387 1167 440 32

373 507 524 562 hano
551 502 786 578 quidem
813 499 1149 577 puellarum
1189 500 1331 555 bene
1353 499 1750 556 institutarum
1774 500 1900 557 lau-

377 611 513 665 dem
537 608 744 664 ceteris
765 606 1006 662 urbibus
1031 603 1307 659 invideret
1329 647 1340 659 .
1366 607 1444 682 (1)

528 714 687 781 Quid
739 730 870 767 vero
920 711 980 764 in
1016 707 1103 764 Ea
1153 726 1305 764 nunc
1333 753 1349 782 7
1393 728 1539 783 quae
1577 721 1737 764 tanta
1760 727 1897 783 erga

368 816 557 872 Deum
581 815 880 891 Religione
902 861 917 889 7
946 825 1106 871 tanta
1132 812 1192 868 in
1221 831 1415 868 omnes
1442 813 1822 887 benignitate,
1843 822 1900 866 et

370 917 677 975 clementia
702 916 989 992 praestitit
1011 961 1026 989 7
1071 915 1213 988 quid
1239 932 1699 972 commemorem
1723 957 1739 985 7
1767 932 1898 986 qua-

367 1021 412 1076 li
454 1022 730 1095 obsequio
760 1065 775 1093 7
822 1031 1148 1093 quantaque
1199 1018 1565 1074 observantia
1616 1017 1785 1073 fuerit
1839 1016 1899 1070 in

369 1144 465 1182 eos
511 1168 527 1197 7
572 1143 714 1198 quos
742 1121 835 1176 Illi
863 1133 1072 1175 natura
1101 1121 1422 1174 arctissimo
1450 1117 1897 1192 propinquitatis

369 1227 599 1284 vinculo
657 1227 996 1296 adjunxerat
1024 1224 1052 1273 ‘?
1094 1221 1320 1277 Amoris
1367 1221 1534 1294 hujus
1587 1266 1602 1296 7
1646 1235 1698 1276 et
1749 1223 1899 1277 cari..

370 1332 500 1387 tatis
531 1329 688 1384 testis
739 1339 821 1383 est
867 1337 1148 1401 perpetua
1204 1325 1466 1398 obsequii
1504 1324 1851 1399 significatio
1883 1367 1898 1397 7

367 1454 485 1507 qua
514 1454 547 1487 a
575 1432 779 1487 teneris
810 1427 970 1484 annis
996 1428 1258 1484 Parentes
1302 1440 1386 1483 est
1412 1439 1747 1500 prosecuta:
1790 1424 1897 1480 Te-

369 1551 476 1594 stes
503 1549 630 1592 sunt
655 1535 953 1609 lacrymae
988 1578 1003 1607 7
1049 1551 1191 1608 quas
1220 1532 1278 1586 in
1307 1531 1574 1606 Ipsorum
1599 1531 1798 1587 funere
1827 1531 1899 1586 ef-

367 1638 519 1695 fudit
545 1683 560 1711 7
604 1638 903 1710 habitique
954 1633 1303 1708 amplissimi
1355 1635 1597 1691 honores
1627 1676 1641 1705 7
1688 1633 1897 1705 quibus

367 1739 589 1797 Eorum
639 1740 905 1813 exequias
960 1736 1354 1793 cohonestavit
1383 1779 1395 1791 .
1446 1734 1653 1792 Virum
1705 1750 1898 1792 autem

371 1864 542 1902 suum
578 1845 658 1899 sic
696 1843 1064 1898 carissimum
1089 1859 1309 1913 semper
1348 1838 1553 1894 habuit
1581 1884 1597 1912 7
1641 1840 1899 1912 tantique

366 1949 500 2004 fecit
528 1995 543 2023 7
591 1961 656 2007 ut
677 1966 977 2020 nunquam
1004 1945 1076 2000 ab
1108 1944 1241 2021 Ejus
1268 1942 1522 1998 consiliis
1546 1941 1605 1996 in
1631 1941 1899 2017 gravissi-

366 2072 600 2109 marum
625 2070 819 2107 rerum
846 2046 1345 2104 administratione
1371 2044 1682 2100 discesserit
1704 2088 1717 2099 .

524 2154 618 2210 Oh
671 2173 800 2209 vere
854 2151 1117 2207 divinam
1166 2147 1517 2205 immortalis
1576 2147 1897 2202 memoriae

363 2259 457 2318 PII
482 2257 572 2313 VI.
596 2278 796 2315 vocem
814 2301 828 2330 7
872 2275 1007 2311 cum
1034 2254 1093 2308 in
1117 2251 1301 2308 Coetu
1327 2250 1526 2307 Vestro
1553 2248 1666 2304 EE.
1695 2248 1799 2303 PP.
1828 2249 1898 2302 de

365 2361 592 2417 MARIA
652 2360 976 2435 loqueretur
1026 2370 1159 2412 tunc
1211 2356 1472 2429 primum
1531 2354 1605 2408 ad
1629 2415 1632 2418 ,
1668 2352 1897 2408 Lusita-

369 2465 532 2520 niam
552 2462 871 2536 regendam
894 2440 1122 2515 evecta!
1146 2454 1377 2523 Etenim
1405 2475 1584 2530 quam
1605 2454 1709 2510 Ille
1735 2473 1897 2528 spem

369 2568 437 2623 Se
457 2565 670 2622 habere
693 2565 765 2620 de
785 2562 1085 2619 virtutibus
1096 2561 1234 2633 Ejus
1258 2560 1459 2634 palam
1479 2558 1759 2637 professus
1781 2567 1894 2628 est,

488 2711 547 2752 (ι)
577 2708 656 2755 Leg.
675 2706 734 2742 lat.
752 2707 813 2741 ΙΙΙ.
831 2706 947 2742 Kalen.
962 2705 1119 2741 Februar.
1134 2701 1444 2737 MDCCLXXXII.
