2253 3340
1058 370 1120 404 η

330 478 518 522 cerent
542 507 556 536 7
587 482 680 521 eos
705 464 762 518 vi
787 507 801 534 ‚
833 465 1005 519 armis
1029 508 1043 537 ⁷
1073 478 1325 537 terrore,
1357 465 1634 539 omnique
1668 465 1850 520 ratio-

327 586 400 620 ne
422 564 843 639 propulsandos
866 563 1143 636 judicavit
1167 608 1179 619 .

486 667 639 723 Haec
666 680 860 722 autem
884 667 1280 741 omnia7quae
1302 668 1439 723 foris
1464 677 1585 724 tam
1608 671 1853 743 pruden-

329 784 414 827 ter
444 815 458 843 7
504 784 737 843 tamque
764 768 1073 825 salubriter
1117 768 1346 825 fuerant
1373 773 1606 844 provisa
1636 773 1708 827 ad
1740 784 1854 827 ter—

329 895 426 929 rae
453 874 707 946 cultum⁷
738 873 809 927 ad
837 871 1279 945 negotiatorum
1306 873 1591 947 quietem„
1615 875 1687 928 ad
1710 893 1853 931 mer-

327 991 559 1032 caturae
587 976 931 1031 facilitatem
961 1021 975 1048 ,
1032 997 1106 1031 ne
1133 996 1319 1032 casus*
1348 977 1559 1051 aliquis
1586 997 1851 1052 unquam

328 1078 489 1133 domi
518 1078 884 1151 interciperet
909 1097 924 1147 ε,
970 1095 1086 1130 non
1110 1077 1303 1132 solum
1331 1079 1697 1133 confirmavit
1721 1124 1736 1152 a
1760 1098 1858 1132 ve-

328 1201 460 1237 rum
492 1195 546 1237 et
575 1182 852 1256 ampliori
902 1182 1243 1237 auctoritate
1284 1180 1509 1236 MARIA
1553 1181 1719 1255 jussit
1765 1203 1855 1239 es-

328 1301 387 1337 se
415 1285 496 1357 (1)
523 1300 620 1338 eos
663 1280 826 1338 Viros
857 1329 871 1357 ,
928 1303 1074 1357 quos
1100 1304 1207 1338 usu
1234 1303 1432 1340 rerum
1462 1328 1477 1358 ‚
1524 1284 1817 1358 aequitate
1841 1329 1858 1359 7

328 1398 385 1440 et
412 1386 742 1443 innocentia
768 1387 1208 1461 probatissimos
1235 1387 1503 1461 egregius
1529 1387 1698 1443 Pater
1720 1387 1855 1460 Ejus

327 1490 626 1564 delegerat
652 1536 666 1564 ‚
690 1504 755 1547 ut
776 1510 982 1547 eorum
1005 1490 1172 1545 labor
1197 1490 1255 1544 in
1278 1490 1631 1547 commercio
1655 1491 1860 1545 mode-

327 1595 515 1650 rando
543 1608 772 1651 strenue
802 1640 816 1667 7
859 1593 1263 1668 sapienterque
1291 1607 1549 1649 versatus
1576 1612 1693 1648 non
1721 1592 1857 1649 huic

329 1697 639 1752 dumtaxat
686 1697 992 1780 hominum
1038 1696 1237 1771 generi
1287 1697 1525 1752 adderet
1580 1696 1852 1750 alacrita-

328 1812 476 1872 tem7
501 1800 598 1856 sed
627 1800 805 1854 etiam
828 1799 1296 1873 quamplurimos
1323 1800 1392 1853 ad
1420 1798 1755 1871 hujusmodi
1778 1799 1856 1853 la-

327 1902 540 1958 borum
582 1902 921 1958 societatem
970 1902 1282 1957 adduceret
1310 1943 1322 1955 .
1370 1900 1580 1956 Laetos
1606 1900 1853 1974 proinde

326 2002 634 2061 Lusitanos
658 2048 675 2078 ,
709 2003 1011 2079 bonaeque
1039 2003 1162 2078 spei
1191 2002 1397 2077 plenos
1424 2003 1579 2058 ultro
1608 2048 1624 2077 a
1671 2003 1854 2058 citro-

329 2125 440 2180 que
494 2119 888 2162 commeantes
938 2107 1223 2181 aspiceres
1254 2126 1269 2178 3
1312 2106 1493 2162 laetos
1521 2105 1806 2179 agricolas
1840 2124 1857 2177 3

328 2207 512 2265 laetos
539 2210 695 2264 intra
718 2211 856 2265 fines
879 2209 1060 2283 Regni
1082 2210 1635 2284 negotiatores33uae
1657 2228 1856 2283 quem-

329 2331 439 2384 que
465 2310 783 2368 industriae
815 2333 831 2387 3
891 2313 978 2368 sui
1002 2332 1295 2388 quemque
1322 2311 1578 2386 laboris;
1621 2331 1860 2369 suarum

331 2433 620 2488 quemque
670 2436 941 2473 curarum
966 2436 1312 2491 prosperum
1340 2415 1564 2473 exitum
1592 2414 1704 2470 sibi
1730 2414 1859 2488 pol-

333 2518 612 2574 licentem
634 2564 648 2594 ,
674 2531 846 2594 atque
872 2532 1277 2594 expectantem
1302 2538 1315 2575 ε
1357 2517 1513 2576 Cum
1539 2520 1758 2575 interea
1784 2515 1857 2571 ci-

394 2654 457 2695 (ι)
483 2653 563 2700 Leg.
578 2652 661 2688 edit.
690 2654 874 2700 Non-Jun.
895 2654 1258 2691 MDCCLXXXVHL
