2253 3340
1032 350 1055 369 μ

1029 372 1059 402 O

277 466 569 541 potentiae
593 508 607 533 7
635 477 687 519 et
711 462 953 518 consilio
979 462 1297 517 referamus
1328 476 1559 535 accepta
1583 507 1594 518 .
1643 465 1803 532 Quid

280 572 437 628 enim
463 574 488 622 t>
530 567 811 623 Potuisset
838 587 908 621 ne
937 566 1059 621 ulla
1082 611 1096 637 7
1143 566 1276 621 licet
1311 565 1664 621 incredibilis
1699 568 1807 623 ali-

277 671 438 743 cujus
466 669 743 725 Feminae
771 682 867 723 aut
889 669 1261 743 pulchritudo
1287 713 1301 741 7
1333 681 1428 722 aut
1453 669 1679 721 animus
1710 669 1808 723 {30-

278 772 497 828 thuliae
525 770 697 827 saluti
725 791 844 827 esse
872 816 886 845 7
931 771 1024 826 vel
1050 769 1440 825 Mardochaeo
1468 769 1556 822 illi
1581 789 1697 822 non
1728 790 1810 824 so-

280 874 407 929 lum
434 871 900 928 incolumitatem
925 917 939 944 7
979 873 1078 927 sed
1100 885 1153 925 et
1182 873 1354 926 decus
1385 916 1399 942 7
1446 884 1498 927 et
1532 871 1813 927 honorem

281 975 488 1029 afferre
518 979 544 1027 ‘?
586 974 760 1047 Atqui
783 1020 796 1049 7
841 994 979 1031 cum
1026 975 1178 1030 Deus
1230 975 1507 1031 statuisset
1539 1020 1553 1049 7
1599 987 1815 1048 quanta

279 1078 592 1133 Abrahami
669 1078 826 1133 illius
875 1079 960 1133 sui
1014 1077 1360 1153 progeniem
1415 1077 1817 1133 benevolentia

280 1180 761 1253 complecteretur
787 1225 802 1253 7
853 1182 1150 1237 ostendere
1177 1227 1190 1253 7
1235 1180 1446 1235 talibus
1480 1180 1607 1235 illas
1634 1225 1646 1253 7
1672 1201 1814 1253 quas·

283 1281 503 1355 delegit
530 1282 806 1338 mulieres
842 1297 896 1338 et
924 1283 1140 1359 animi7
1192 1298 1243 1339 et
1270 1284 1528 1358 corporis
1555 1284 1716 1337 bonis
1742 1304 1817 1338 es-

284 1403 342 1438 se
370 1384 554 1439 voluit
584 1399 812 1441 ornatas
844 1432 858 1459 7
889 1400 951 1441 ut
980 1387 1120 1442 felix
1141 1433 1154 1460 7
1187 1389 1518 1460 faustusque
1546 1388 1815 1443 existeret

280 1486 660 1546 consiliorum
689 1509 929 1545 suorum
954 1505 1185 1546 eventus
1210 1534 1221 1545 .
1245 1490 1405 1545 Hanc
1431 1493 1702 1547 eamdem
1725 1492 1816 1545 di-

284 1589 453 1646 vinae
480 1592 843 1667 Sapientiae7
877 1610 930 1650 et
954 1594 1185 1649 consilii
1211 1594 1496 1650 rationem
1519 1596 1783 1650 viderunt
1800 1640 1814 1667 7

284 1697 509 1766 experti
531 1709 685 1767 sunt7
712 1709 1106 1770 testanturque
1132 1697 1310 1752 etiam
1330 1716 1481 1751 nunc
1509 1697 1771 1752 Lusitani
1797 1745 1811 1771 7

283 1815 421 1851 cum
446 1795 735 1852 MARJAM
766 1797 803 1853 l.
835 1799 902 1853 iis
932 1799 1099 1855 donis
1124 1846 1138 1873 7
1172 1820 1238 1855 ac
1268 1800 1498 1856 dotibus
1531 1815 1822 1857 senserunt

283 1900 641 1974 praeditam7
665 1922 918 1975 quorum
940 1903 1238 1975 praesidio
1265 1904 1346 1959 sic
1375 1902 1562 1977 potuit
1584 1903 1644 1956 in
1667 1903 1817 1959 latis-

285 2001 419 2056 simi
451 2002 688 2077 Imperii
716 2005 842 2060 luce
869 2008 1087 2062 versari
1113 2053 1127 2080 7
1171 2022 1229 2062 ut
1258 2008 1818 2081 praestantissimam

285 2100 578 2176 Majorum
604 2127 843 2163 suorum
874 2122 1000 2165 tum
1027 2110 1204 2183 regiis
1230 2110 1446 2166 artibus
1472 2157 1487 2184 7
1533 2124 1659 2166 tum
1686 2110 1813 2184 pie-

284 2204 416 2261 tatis
446 2206 720 2263 laudibus
750 2210 974 2266 famam
1003 2257 1018 2286 7
1057 2213 1425 2286 gloriamque
1455 2214 1817 2286 adaequave-

286 2309 391 2361 rit.
442 2309 677 2365 Patrem
718 2310 915 2386 itaque
952 2313 1155 2369 habuit
1188 2311 1584 2368 JOSEPHUNI.
1610 2313 1670 2387 [7
1700 2312 1822 2368 Ma—

284 2425 438 2467 trem
483 2411 771 2469 MARIANI
808 2415 1071 2471 ANNAM
1106 2416 1520 2473 VICTORIAM
1566 2418 1823 2492 Philippi

284 2503 704 2588 Hispaniarum
740 2515 953 2573 Filiam
980 2564 995 2592 7
1041 2539 1295 2593 quorum
1323 2519 1481 2574 Alter
1517 2517 1667 2575 Eam
1701 2539 1823 2593 pru-

288 2617 518 2675 dentiae
542 2666 557 2696 7
605 2621 960 2679 fortitudinis
991 2669 1005 2699 7
1054 2638 1106 2681 et
1134 2624 1502 2682 liberalitatis
1532 2623 1816 2698 exemplis
