2253 3340
1021 359 1098 437 34

294 474 596 531 virtutibus
628 473 982 530 existimatio
1007 517 1021 530 .
1063 472 1158 531 Oh
1183 475 1359 560 igitur
1386 495 1517 532 vere
1544 477 1776 537 felicem
1810 525 1828 555 7

291 581 767 652 fortunatamque
793 577 1193 634 conditionem
1218 578 1355 651 Ejus
1385 624 1400 651 7
1446 598 1597 652 quae
1625 601 1693 636 eo
1722 603 1825 656 pa-

290 699 383 739 cto
411 683 564 738 vitae
590 702 820 739 cursum
849 682 1072 756 peregit
1104 727 1118 754 7
1163 695 1227 737 ut
1268 682 1686 755 sempiternum
1714 687 1817 740 bo-

291 788 378 843 nis
407 785 678 841 omnibus
709 784 1009 858 reliquerit
1034 786 1258 841 virtutis
1282 805 1417 841 suae
1441 785 1794 843 desiderium
1812 833 1829 863 7

290 904 346 946 et
374 910 523 963 quae
556 891 681 945 unis
711 890 928 945 artibus
958 890 1115 964 pacis
1147 889 1354 945 merita
1381 889 1453 944 sit
1482 887 1552 944 iis
1590 889 1829 963 regibus

291 994 659 1068 aequiparari
692 1040 705 1067 7
751 1014 1004 1068 quorum
1031 996 1239 1049 virtute
1266 993 1499 1067 Imperii
1528 997 1668 1050 fines
1698 1014 1830 1067 pro-

287 1098 489 1174 pagati
516 1143 530 1170 7
582 1116 832 1170 quorum
860 1095 1202 1151 fortitudine
1247 1094 1532 1151 exercitus
1574 1096 1826 1150 maximi

286 1201 399 1255 fusi
428 1213 561 1255 sunt
590 1246 603 1273 7
661 1221 727 1254 ao
783 1199 960 1255 deleti
984 1194 994 1253 l
1043 1198 1216 1255 Illam
1243 1197 1488 1272 quidem
1519 1197 1837 1254 uberrimis

288 1304 349 1358 in
371 1302 623 1359 Coelum
650 1302 923 1357 laborum
952 1321 1192 1359 suorum
1223 1302 1502 1358 fructibus
1529 1303 1652 1374 jam
1678 1303 1824 1376 poti-

290 1407 341 1462 ri
370 1407 716 1462 confidimus
740 1424 751 1459 ε
777 1406 893 1461 Nos
923 1426 1059 1460 vero
1088 1404 1345 1461 nominis
1369 1405 1506 1479 Ejus
1533 1405 1786 1479 gloriam
1816 1449 1831 1477 7

289 1525 581 1584 quantum
616 1524 697 1569 est
725 1512 902 1567 situm
931 1510 992 1565 in
1021 1509 1223 1585 nobis7
1255 1511 1328 1566 ad
1349 1510 1623 1565 ultimam
1644 1523 1835 1583 poste-

237 1625 241 1626 ⁷
285 1616 523 1669 ritatem
564 1614 818 1669 nitemur
860 1632 1240 1687 propagare3
1288 1625 1351 1667 ut
1381 1613 1609 1669 excelso
1640 1656 1654 1683 7
1700 1632 1831 1667 ma-

295 1737 528 1794 gnoque
587 1716 826 1790 ingenio
871 1715 1152 1771 Feminae
1195 1716 1488 1789 gaudeant
1535 1735 1593 1770 se
1623 1714 1837 1769 habere

289 1820 593 1896 egregium
622 1864 635 1892 7
681 1819 743 1875 in
792 1820 953 1892 quod
1002 1818 1339 1875 intueantur
1368 1863 1382 1892 7
1427 1817 1831 1872 maximarum

287 1924 574 1979 virtutum
600 1921 901 1995 exemplar
932 1941 946 1994 7
984 1941 1079 1977 eos
1110 1934 1314 1975 contra
1346 1965 1360 1991 7
1391 1919 1600 1994 quibus
1630 1918 1836 1974 mulie-

289 2030 406 2085 bris
451 2048 619 2084 sexus
645 2046 764 2082 non
796 2025 934 2082 satis
977 2026 1206 2080 videtur
1235 2025 1307 2078 ad
1336 2023 1602 2078 difficilia
1626 2041 1831 2096 aggre-

293 2133 508 2191 dienda
554 2130 796 2187 idoneus
821 2175 835 2203 7
875 2129 1099 2204 pudeat
1128 2147 1186 2183 se
1213 2123 1491 2181 MARIAE
1522 2125 1787 2181 animum
1815 2167 1832 2197 7

292 2250 347 2292 et
373 2235 690 2291 consilium
719 2252 967 2307 aequare
993 2250 1108 2286 non
1138 2229 1396 2304 potuisse
1418 2273 1430 2285 .

447 2340 475 2395 J
484 2361 582 2395 am
605 2337 695 2393 Tu
727 2358 797 2394 ex
825 2336 1171 2395 coelestibus
1218 2337 1337 2391 istis
1368 2334 1601 2390 sedibus
1628 2377 1642 2407 7
1686 2333 1791 2389 ubi
1819 2378 1835 2406 7

294 2463 443 2517 quae
469 2457 668 2498 nostra
690 2462 817 2515 spes
848 2454 929 2497 est
955 2487 968 2514 7
996 2462 1068 2498 ex
1098 2441 1356 2496 fontibus
1382 2438 1515 2513 ipsis
1536 2436 1728 2493 hauris
1749 2457 1837 2491 ca-

293 2547 530 2603 ritatem
559 2593 572 2621 7
602 2544 943 2602 Lusitaniae
967 2545 1128 2600 Tuae
1156 2545 1437 2620 pietatem
1467 2589 1481 2617 7
1510 2556 1566 2598 et
1594 2553 1828 2615 gratam

298 2651 483 2707 animi
535 2651 1013 2707 benevolentiam
1066 2648 1234 2723 aequi
1291 2646 1546 2720 bonique
1596 2642 1770 2699 facito
1825 2660 1838 2696 ε
