2253 3340
1014 361 1052 413 9

272 455 948 534 mortalis7praesidium
972 472 1223 527 exposco
1240 466 1437 528 7tuum
1464 454 1609 512 illud
1637 474 1807 530 prae-

273 562 490 618 sidium
514 607 529 635 7
562 579 679 634 quo
702 556 976 614 Judithae
1005 554 1226 610 affuisti
1252 600 1266 629 7
1302 574 1439 610 cum
1468 555 1708 612 inermis
1735 555 1810 611 fe-

270 665 436 720 mina
467 710 483 739 7
527 663 766 735 solaque
806 658 1068 714 Patriam
1093 678 1261 714 suam
1315 657 1637 714 liberatura
1686 657 1810 714 ibat

269 767 343 822 ad
394 764 651 821 hostium
695 775 885 820 castra
909 809 925 837 7
980 762 1053 816 ad
1100 760 1404 816 crudelem
1438 807 1453 835 7
1501 759 1811 836 indignan-

270 880 507 941 temque
534 866 760 922 Ducem
784 886 796 921 :
854 879 1022 920 tuum
1046 877 1131 920 est
1154 909 1170 938 7
1217 863 1378 936 cujus
1407 862 1709 918 voluntate
1737 863 1811 917 ad

269 972 423 1028 hunc
453 972 651 1027 locum
677 971 930 1026 deducta
960 989 1089 1025 sum
1115 1014 1130 1044 7
1158 965 1252 1023 Me
1285 965 1661 1022 dubitantem
1681 987 1812 1023 con-

274 1077 507 1130 firmare
535 1119 549 1148 7
593 1072 688 1128 Me
714 1071 934 1126 viribus
981 1071 1210 1143 majora
1253 1070 1570 1125 audentem
1613 1070 1812 1125 dexte-

278 1200 376 1235 rae
404 1192 537 1234 tuae
562 1177 619 1231 vi
642 1177 923 1232 sustinere
950 1195 964 1249 3
997 1189 1062 1230 ut
1090 1195 1161 1229 ex
1187 1171 1318 1229 Mea
1342 1173 1687 1229 infirmitate
1717 1192 1812 1227 co-

271 1293 559 1354 gnoscant
587 1279 849 1353 Gentes7
896 1297 1077 1351 quam
1120 1276 1351 1350 potenti
1395 1276 1514 1332 Nos
1567 1275 1690 1331 Deo
1723 1275 1812 1331 in-

274 1385 630 1441 serviamus.
675 1383 832 1439 Haec
881 1401 1017 1439 cum
1057 1394 1296 1456 precata
1340 1378 1566 1435 MARIA
1610 1379 1812 1437 fuisset

270 1487 450 1562 plena
505 1488 691 1545 animi
736 1534 750 1561 7
799 1487 977 1562 plena
1021 1484 1254 1541 consilii
1280 1530 1294 1558 7
1350 1483 1531 1557 plena
1585 1483 1810 1540 roboris

269 1611 435 1647 curas
467 1610 668 1647 omnes
696 1592 767 1646 ad
799 1589 1006 1645 crediti
1032 1588 1157 1644 Sibi
1183 1586 1420 1661 Imperii
1466 1586 1811 1642 felicitatem

271 1697 737 1769 comparandam
761 1694 977 1767 adjecit
993 1738 1007 1767 7
1033 1712 1213 1768 quam
1236 1690 1359 1746 Sibi
1389 1692 1771 1765 spectandam
1796 1736 1810 1765 7

274 1798 555 1874 omnique
585 1798 813 1854 ratione
841 1797 1247 1871 quaerendam
1273 1813 1391 1848 esse
1415 1792 1671 1848 decrevit
1695 1837 1706 1848 .

424 1906 508 1959 Ac
527 1904 1031 1977 quemadmodum
1054 1899 1346 1974 sapientes
1362 1943 1376 1970 7
1402 1896 1692 1971 peritique
1718 1899 1812 1954 Ar-

271 2007 506 2063 chitecti
538 2052 552 2081 7
580 2007 791 2080 quibus
822 2005 1070 2081 insignis
1103 2003 1302 2077 aliqua
1331 2048 1345 2075 7
1375 2000 1812 2075 conspicuoque

273 2109 335 2164 in
390 2110 519 2164 loco
584 2111 793 2165 domus
846 2107 1161 2163 commissa
1217 2119 1300 2161 est
1356 2104 1749 2159 construenda
1793 2150 1810 2178 7

274 2232 514 2269 omnem
545 2213 771 2287 ingenii
801 2258 816 2285 7
861 2212 1192 2285 mentisque
1219 2209 1409 2264 aciem
1450 2229 1518 2264 eo
1567 2227 1811 2263 conver-

279 2328 437 2389 tunt7
467 2329 532 2370 ut
560 2336 678 2371 non
707 2316 900 2371 solum
931 2316 1050 2370 alta
1069 2359 1082 2386 7
1113 2314 1211 2369 sed
1243 2314 1410 2367 firma
1435 2357 1450 2385 7
1480 2332 1546 2366 ac
1574 2310 1810 2366 stabilia

277 2418 665 2476 fundamenta
691 2419 979 2492 jaciantur
1010 2464 1023 2489 7
1049 2416 1259 2491 quibus
1285 2429 1407 2473 tuto
1431 2418 1639 2472 domus
1664 2415 1810 2472 inni-

273 2544 351 2580 xa
378 2569 393 2597 7
418 2544 551 2580 eam
576 2570 590 2598 7
617 2542 796 2597 quam
826 2522 915 2576 illi
946 2521 1145 2578 animo
1175 2521 1471 2595 complexi
1494 2535 1657 2594 sunt7
1681 2521 1809 2595 pul-

279 2626 674 2686 chritudinem
714 2626 925 2682 habeat
955 2671 970 2702 7
1016 2639 1071 2682 et
1098 2624 1557 2699 descriptionem
1585 2645 1596 2681 :
1628 2624 1806 2680 talem

1378 2717 1412 2771 l>
