2253 3340
1069 343 1107 395 6

332 466 568 527 augeret
597 472 611 526 3
643 451 831 508 Altera
859 466 1056 509 autem
1082 454 1314 510 doceret
1343 499 1359 530 7
1405 477 1558 531 quae
1583 459 1737 516 vitae
1761 480 1853 517 ra-

328 559 407 613 tio
447 556 724 613 Matronis
759 554 1140 613 nobilissimis
1171 558 1342 615 decus
1369 560 1601 616 afferret
1623 606 1638 635 7
1686 575 1739 618 et
1770 563 1851 617 di-

325 662 605 736 gnitatem
634 705 646 717 .
684 661 714 717 J
721 659 1053 716 OSEPHUS
1081 706 1096 734 7
1139 681 1275 717 cum
1312 663 1423 720 sibi
1459 663 1644 721 virilis
1682 665 1851 740 stirps

323 762 487 818 nulla
513 774 657 818 esset
677 807 694 836 7
737 763 1073 835 videretque
1100 762 1301 835 legum
1329 764 1386 818 vi
1413 764 1692 820 Filiolam
1717 766 1850 820 uni-

321 884 453 921 cam
492 864 565 919 ad
607 863 782 918 totius
810 861 991 936 Regni
1017 882 1183 935 spem
1213 863 1428 919 servari
1453 910 1468 938 7
1515 864 1852 921 incredibile

323 968 482 1024 dictu
506 982 588 1024 est
610 1013 626 1041 7
673 987 854 1040 quam
876 967 1183 1042 diligenter
1204 966 1355 1023 Eam
1378 968 1650 1024 omnibus
1674 968 1743 1024 iis
1770 989 1850 1024 re-

320 1073 425 1127 bus
450 1070 860 1126 instituendam
885 1113 900 1141 7
945 1070 1386 1142 ornandamque
1412 1071 1697 1126 curaverit
1723 1093 1738 1143 3
1786 1084 1850 1128 ut

316 1175 385 1229 Ei
428 1187 579 1229 recte
625 1187 918 1228 tantarum
960 1191 1156 1226 rerum
1195 1170 1384 1227 moles
1415 1171 1808 1245 imponeretur
1835 1218 1848 1231 .

312 1278 626 1333 Parentum
651 1274 855 1331 studiis
882 1275 1051 1330 beata
1073 1270 1349 1327 MARIAE
1373 1273 1596 1329 indoles
1617 1294 1852 1348 respon—

314 1380 508 1436 debat:
526 1378 803 1435 Animum
822 1376 1053 1452 regium
1074 1376 1132 1430 in
1159 1376 1403 1450 puerula
1425 1376 1548 1449 jam
1570 1389 1697 1432 tum
1723 1377 1849 1433 lau-

315 1483 506 1538 dasses
533 1480 769 1554 mitem7
812 1493 875 1534 ut
898 1479 958 1533 in
982 1477 1202 1534 femina
1221 1524 1235 1552 7
1283 1498 1347 1533 ac
1370 1476 1812 1533 misericordem
1832 1497 1848 1549 3

314 1607 417 1641 nec
445 1585 754 1641 dimissum
803 1599 998 1640 tamen
1025 1629 1039 1656 7
1096 1596 1191 1638 aut
1222 1581 1499 1637 timidum
1525 1602 1539 1653 3
1592 1582 1691 1636 sed
1723 1601 1850 1636 ere-

317 1702 475 1743 ctum
505 1732 520 1759 7
566 1687 887 1763 impigrum
916 1732 931 1760 7
978 1698 1033 1740 et
1060 1685 1160 1759 qui
1192 1684 1251 1737 in
1280 1683 1583 1739 audiendis
1611 1702 1849 1756 magno-

316 1810 450 1846 rum
477 1790 817 1864 Principum
858 1789 1131 1845 laudibus
1158 1833 1172 1861 7
1213 1801 1267 1842 et
1311 1785 1368 1839 in
1413 1784 1484 1840 iis
1508 1831 1522 1859 7
1571 1805 1722 1858 quae
1753 1797 1851 1838 aut

317 1895 628 1949 clementer
653 1939 668 1967 7
724 1906 820 1948 aut
850 1891 1072 1947 fortiter
1101 1890 1254 1945 facta
1296 1901 1455 1944 erant
1484 1888 1565 1941 ita
1593 1905 1849 1941 commo-

318 1999 560 2054 vebatur
583 2041 598 2071 7
643 2009 706 2052 ut
750 2007 1053 2069 appareret
1078 2039 1092 2068 7
1138 2005 1353 2065 quanta
1383 1991 1589 2046 inesset
1612 1988 1727 2063 Ipsi
1754 2010 1851 2045 ea-

318 2101 592 2156 rumdem
630 2119 826 2155 rerum
869 2098 1354 2154 aemulandarum
1376 2093 1664 2169 cupiditas
1689 2137 1700 2148 .
1743 2092 1852 2147 Ne-

323 2227 435 2280 que
460 2224 598 2261 vero
626 2205 931 2260 dumtaxat
959 2202 1017 2256 in
1042 2200 1340 2274 regiarum
1382 2196 1619 2253 aedium
1660 2193 1851 2250 termi-

320 2309 408 2363 nis
431 2321 590 2362 tanta
613 2306 794 2363 virtus
816 2305 1301 2361 concludebatur:
1346 2301 1642 2357 relucebat
1671 2299 1853 2355 etiam

324 2409 383 2463 in
432 2409 739 2466 hominum
778 2408 1098 2482 frequentia
1135 2453 1149 2481 7
1197 2420 1249 2462 et
1291 2402 1625 2460 celebritate
1670 2420 1682 2456 :
1724 2419 1849 2473 spe—

330 2515 537 2569 rabant
586 2512 724 2568 boni
764 2512 823 2566 in
864 2511 974 2567 Illa
999 2510 1112 2565 sibi
1136 2555 1151 2583 7
1198 2507 1401 2563 liberis
1426 2552 1440 2580 7
1491 2501 1849 2574 fortunisque

330 2618 445 2674 suis
475 2616 858 2673 certissimum
881 2636 998 2673 esse
1019 2612 1382 2690 praesidium
1405 2618 1848 2682 comparatum:
