2253 3340
990 361 1021 414 7

242 480 369 521 tum
394 475 529 513 vero
558 455 749 529 magis
799 466 959 508 tanta
998 453 1142 509 haec
1181 453 1395 508 fiducia
1434 457 1774 512 confirmata

243 578 325 620 est
346 608 361 634 7
404 578 541 615 cum
594 554 1020 629 sapientissimo
1067 554 1206 609 Viro
1236 556 1448 611 Patruo
1495 577 1597 612 suo
1649 557 1774 612 PE-

238 663 390 720 TRO
426 674 607 735 nupta
636 673 717 715 est
747 704 762 733 7
791 678 972 734 quem
999 678 1272 716 curarum
1300 658 1525 715 socium
1546 705 1560 732 7
1608 674 1779 734 atque

243 767 573 839 adjutorem
608 762 848 818 haberet
875 806 886 818 .
931 762 1198 819 Aliarum
1247 763 1603 820 feminarum
1652 764 1779 819 laus

241 869 313 926 sit
337 868 491 924 viros
520 887 652 923 suos
680 866 954 923 dilexisse
979 913 995 942 7
1042 887 1255 943 eosque
1282 868 1444 923 omni
1470 867 1581 923 sibi
1609 867 1777 924 obse-

240 973 381 1045 quio
412 971 681 1026 habuisse
708 969 1003 1025 devinctos
1027 990 1039 1026 :
1084 970 1169 1026 Ita
1216 985 1338 1027 erat
1366 970 1624 1029 instituta
1645 968 1781 1024 MA-

239 1071 357 1129 RIA
379 1121 394 1148 7
428 1074 509 1131 ita
537 1077 689 1131 facta
712 1122 726 1149 7
750 1090 1002 1150 nataque
1031 1120 1045 1149 7
1076 1089 1139 1131 ut
1158 1122 1172 1151 7
1202 1097 1339 1132 cum
1364 1077 1508 1151 quid
1549 1079 1777 1133 deceret

242 1179 532 1252 optimam
580 1178 868 1235 feminam
913 1198 1030 1234 non
1077 1178 1371 1254 ignoraret
1411 1227 1427 1256 7
1473 1179 1532 1233 iu
1585 1178 1777 1234 officio

242 1300 345 1337 suo
395 1283 734 1354 exequendo
773 1280 923 1335 nihil
953 1281 1194 1338 omnino
1240 1281 1727 1357 praetermitteret
1764 1324 1777 1336 .

240 1383 396 1459 Ergo
419 1385 611 1458 qualis
642 1387 701 1440 in
724 1386 993 1443 Parentes
1021 1400 1140 1442 erat
1166 1387 1381 1460 pietate
1406 1433 1420 1461 7
1463 1385 1692 1443 Eadem
1720 1386 1780 1438 in

241 1485 507 1562 Conjuge
538 1489 792 1543 amando
820 1508 1052 1562 semper
1080 1503 1312 1563 reperta
1341 1503 1424 1545 est
1447 1533 1458 1543 .

400 1592 586 1664 Atque
630 1604 693 1645 ut
733 1591 998 1665 primum
1021 1589 1247 1647 MARIA
1273 1590 1575 1648 JOSEPHI
1620 1591 1782 1646 obitu

245 1692 410 1767 regni
433 1692 686 1748 habenas
711 1692 994 1767 attingere
1023 1695 1216 1768 coepit
1239 1741 1255 1770 7
1302 1707 1429 1750 tum
1457 1693 1779 1769 singulares

244 1795 420 1869 illae7
467 1808 639 1869 atque
670 1798 925 1853 eximiae
970 1799 1154 1856 animi
1196 1799 1360 1855 dotes
1384 1844 1400 1873 7
1446 1817 1589 1872 quas
1615 1811 1782 1853 antea

245 1910 300 1951 ct
330 1896 620 1953 modestia
646 1898 826 1972 ipsius
852 1945 867 1974 7
915 1914 967 1955 et
994 1901 1056 1955 in
1085 1901 1392 1958 Parentem
1432 1901 1783 1975 obsequium

244 1999 425 2056 veluti
451 2001 702 2057 inclusas
725 2003 1085 2060 continuerat
1115 2050 1131 2079 7
1178 2005 1259 2060 ita
1287 2025 1346 2060 se
1373 2006 1527 2060 foras
1559 2003 1783 2059 extule-

247 2116 373 2157 rant
402 2103 460 2157 in
487 2105 683 2160 lucem
708 2150 722 2178 7
752 2119 815 2161 ut
840 2106 1142 2164 Lusitania
1165 2155 1179 2183 7
1211 2130 1394 2184 quam
1419 2109 1782 2184 praestantis-

245 2203 381 2259 simi
410 2251 427 2280 7
470 2205 896 2282 clarissimique
922 2210 1094 2285 Regis
1123 2212 1382 2269 interitus
1405 2211 1633 2286 penitus
1678 2212 1783 2267 ab·-

247 2307 460 2380 jecerat
485 2354 500 2384 7
545 2332 606 2367 se
657 2312 903 2368 erexerit
930 2359 945 2389 7
991 2316 1052 2368 in
1094 2336 1345 2391 eamque
1376 2336 1540 2391 spem
1564 2316 1785 2372 venerit

247 2409 373 2465 fore
397 2456 412 2485 7
457 2425 519 2467 ut
547 2414 785 2489 egregia
811 2414 998 2472 Filiae
1024 2418 1204 2474 virtus
1231 2432 1533 2492 acceptam
1562 2439 1634 2474 ex
1656 2431 1786 2473 tan-

246 2511 289 2565 ti
319 2513 504 2570 Patris
532 2517 754 2590 jactura
781 2518 1184 2577 calamitatem
1211 2521 1539 2577 sublevaret
1568 2565 1579 2577 .
1636 2522 1785 2589 Qui-

250 2615 391 2674 dam
417 2616 748 2679 Estherrem
772 2624 956 2680 aliam
978 2625 1092 2682 sibi
1119 2626 1318 2684 divino
1342 2625 1589 2685 consilio
1618 2625 1782 2680 obla-
