<?xml version="1.0" encoding="UTF-8"?>
<!DOCTYPE html PUBLIC "-//W3C//DTD XHTML 1.0 Transitional//EN"
    "http://www.w3.org/TR/xhtml1/DTD/xhtml1-transitional.dtd">
<html xmlns="http://www.w3.org/1999/xhtml" xml:lang="en" lang="en">
 <head>
  <title>
</title>
<meta http-equiv="Content-Type" content="text/html;charset=utf-8" />
  <meta name='ocr-system' content='tesseract 3.04.00' />
  <meta name='ocr-capabilities' content='ocr_page ocr_carea ocr_par ocr_line ocrx_word'/>
</head>
<body>
  <div class='ocr_page' id='page_1' title='image "./infuneremariaepr00matt/infuneremariaepr00matt_0031.png"; bbox 0 0 2253 3340; ppageno 0'>
   <div class='ocr_carea' id='block_1_1' title="bbox 1028 369 1091 403">
    <p class='ocr_par' dir='ltr' id='par_1_1' title="bbox 1028 369 1091 403">
     <span class='ocr_line' id='line_1_1' title="bbox 1028 369 1091 403; baseline 0 0"><span class='ocrx_word' id='word_1_1' title='bbox 1028 369 1091 403; x_wconf 78' lang='lat'>21</span> 
     </span>
    </p>
   </div>
   <div class='ocr_carea' id='block_1_2' title="bbox 298 464 1879 2715">
    <p class='ocr_par' dir='ltr' id='par_1_2' title="bbox 298 464 1879 1349">
     <span class='ocr_line' id='line_1_2' title="bbox 298 464 1826 543; baseline -0.001 -17"><span class='ocrx_word' id='word_1_2' title='bbox 298 472 636 543; x_wconf 89' lang='lat' dir='ltr'>citarentur7</span> <span class='ocrx_word' id='word_1_3' title='bbox 681 487 823 542; x_wconf 85' lang='lat' dir='ltr'>quas</span> <span class='ocrx_word' id='word_1_4' title='bbox 852 464 1047 522; x_wconf 87' lang='lat' dir='ltr'>eidem</span> <span class='ocrx_word' id='word_1_5' title='bbox 1070 464 1297 538; x_wconf 81' lang='lat' dir='ltr'>Virgini</span> <span class='ocrx_word' id='word_1_6' title='bbox 1326 466 1682 539; x_wconf 84' lang='lat' dir='ltr'>gratissimas</span> <span class='ocrx_word' id='word_1_7' title='bbox 1708 487 1826 524; x_wconf 85' lang='lat' dir='ltr'>esse</span> 
     </span>
     <span class='ocr_line' id='line_1_3' title="bbox 303 566 1832 646; baseline -0.003 -19"><span class='ocrx_word' id='word_1_8' title='bbox 303 572 501 630; x_wconf 88' lang='lat' dir='ltr'>multis</span> <span class='ocrx_word' id='word_1_9' title='bbox 532 617 546 646; x_wconf 95' lang='lat'><strong>7</strong></span> <span class='ocrx_word' id='word_1_10' title='bbox 590 591 695 627; x_wconf 89' lang='lat' dir='ltr'>nec</span> <span class='ocrx_word' id='word_1_11' title='bbox 724 567 918 624; x_wconf 84' lang='lat' dir='ltr'>dubiis</span> <span class='ocrx_word' id='word_1_12' title='bbox 947 587 1117 642; x_wconf 88' lang='lat' dir='ltr'>saepe</span> <span class='ocrx_word' id='word_1_13' title='bbox 1165 566 1452 640; x_wconf 86' lang='lat' dir='ltr'>prodigiis</span> <span class='ocrx_word' id='word_1_14' title='bbox 1480 581 1557 623; x_wconf 87' lang='lat' dir='ltr'>est</span> <span class='ocrx_word' id='word_1_15' title='bbox 1585 570 1832 625; x_wconf 91' lang='lat' dir='ltr'>demon-</span> 
     </span>
     <span class='ocr_line' id='line_1_4' title="bbox 302 671 1831 742; baseline -0.003 -13"><span class='ocrx_word' id='word_1_16' title='bbox 302 687 547 729; x_wconf 86' lang='lat' dir='ltr'>stratum</span> <span class='ocrx_word' id='word_1_17' title='bbox 573 716 584 728; x_wconf 94' lang='lat'><strong><em>.</em></strong></span> <span class='ocrx_word' id='word_1_18' title='bbox 629 671 934 727; x_wconf 86' lang='lat' dir='ltr'>Praeterea</span> <span class='ocrx_word' id='word_1_19' title='bbox 961 691 1098 725; x_wconf 90' lang='lat' dir='ltr'>cum</span> <span class='ocrx_word' id='word_1_20' title='bbox 1126 689 1317 726; x_wconf 86' lang='lat' dir='ltr'>sacras</span> <span class='ocrx_word' id='word_1_21' title='bbox 1350 689 1548 726; x_wconf 89' lang='lat' dir='ltr'>omnes</span> <span class='ocrx_word' id='word_1_22' title='bbox 1601 716 1614 742; x_wconf 90' lang='lat'><strong>7</strong></span> <span class='ocrx_word' id='word_1_23' title='bbox 1663 672 1831 727; x_wconf 84' lang='lat' dir='ltr'>addi-</span> 
     </span>
     <span class='ocr_line' id='line_1_5' title="bbox 303 772 1836 850; baseline 0 -20"><span class='ocrx_word' id='word_1_24' title='bbox 303 790 538 850; x_wconf 87' lang='lat' dir='ltr'>ctasque</span> <span class='ocrx_word' id='word_1_25' title='bbox 578 773 807 847; x_wconf 80' lang='lat' dir='ltr'><strong>Regum</strong></span> <span class='ocrx_word' id='word_1_26' title='bbox 832 772 975 846; x_wconf 84' lang='lat' dir='ltr'>Regi</span> <span class='ocrx_word' id='word_1_27' title='bbox 1004 773 1187 828; x_wconf 84' lang='lat' dir='ltr'>Aedes</span> <span class='ocrx_word' id='word_1_28' title='bbox 1212 792 1392 846; x_wconf 85' lang='lat' dir='ltr'>quam</span> <span class='ocrx_word' id='word_1_29' title='bbox 1442 774 1836 847; x_wconf 84' lang='lat' dir='ltr'>amplissimas</span> 
     </span>
     <span class='ocr_line' id='line_1_6' title="bbox 306 876 1838 950; baseline -0.001 -16"><span class='ocrx_word' id='word_1_30' title='bbox 306 881 546 935; x_wconf 83' lang='lat' dir='ltr'>curabat</span> <span class='ocrx_word' id='word_1_31' title='bbox 569 899 689 935; x_wconf 88' lang='lat' dir='ltr'>esse</span> <span class='ocrx_word' id='word_1_32' title='bbox 718 924 733 950; x_wconf 94' lang='lat'><strong>7</strong></span> <span class='ocrx_word' id='word_1_33' title='bbox 760 891 887 933; x_wconf 91' lang='lat' dir='ltr'>tum</span> <span class='ocrx_word' id='word_1_34' title='bbox 914 876 1258 950; x_wconf 87' lang='lat' dir='ltr'>praesertim</span> <span class='ocrx_word' id='word_1_35' title='bbox 1288 876 1348 930; x_wconf 90' lang='lat' dir='ltr'>in</span> <span class='ocrx_word' id='word_1_36' title='bbox 1377 876 1838 934; x_wconf 75' lang='lat' dir='ltr'>patriarchalem</span> 
     </span>
     <span class='ocr_line' id='line_1_7' title="bbox 307 970 1833 1058; baseline 0.001 -19"><span class='ocrx_word' id='word_1_37' title='bbox 307 986 479 1039; x_wconf 89' lang='lat' dir='ltr'>totius</span> <span class='ocrx_word' id='word_1_38' title='bbox 508 982 690 1057; x_wconf 85' lang='lat' dir='ltr'>Regni</span> <span class='ocrx_word' id='word_1_39' title='bbox 715 982 926 1038; x_wconf 89' lang='lat' dir='ltr'>Sedem</span> <span class='ocrx_word' id='word_1_40' title='bbox 954 970 1114 1037; x_wconf 83' lang='lat' dir='ltr'>tanta</span> <span class='ocrx_word' id='word_1_41' title='bbox 1139 983 1246 1037; x_wconf 79' lang='lat' dir='ltr'>fuit</span> <span class='ocrx_word' id='word_1_42' title='bbox 1283 981 1681 1038; x_wconf 87' lang='lat' dir='ltr'>munificentia</span> <span class='ocrx_word' id='word_1_43' title='bbox 1710 1029 1723 1058; x_wconf 98' lang='lat'><strong>7</strong></span> <span class='ocrx_word' id='word_1_44' title='bbox 1771 999 1833 1041; x_wconf 86' lang='lat' dir='ltr'>ut</span> 
     </span>
     <span class='ocr_line' id='line_1_8' title="bbox 307 1084 1839 1160; baseline 0.001 -19"><span class='ocrx_word' id='word_1_45' title='bbox 307 1087 499 1142; x_wconf 78' lang='lat' dir='ltr'>dicere</span> <span class='ocrx_word' id='word_1_46' title='bbox 527 1106 662 1142; x_wconf 87' lang='lat' dir='ltr'>vere</span> <span class='ocrx_word' id='word_1_47' title='bbox 689 1099 878 1160; x_wconf 86' lang='lat' dir='ltr'>posset</span> <span class='ocrx_word' id='word_1_48' title='bbox 908 1105 920 1140; x_wconf 90' lang='lat'>:</span> <span class='ocrx_word' id='word_1_49' title='bbox 949 1084 1162 1142; x_wconf 77' lang='lat' dir='ltr'>Dilexi</span> <span class='ocrx_word' id='word_1_50' title='bbox 1194 1130 1208 1159; x_wconf 91' lang='lat'><strong>7</strong></span> <span class='ocrx_word' id='word_1_51' title='bbox 1236 1084 1491 1141; x_wconf 82' lang='lat' dir='ltr'>Domine</span> <span class='ocrx_word' id='word_1_52' title='bbox 1516 1131 1531 1160; x_wconf 92' lang='lat'><strong>7</strong></span> <span class='ocrx_word' id='word_1_53' title='bbox 1558 1086 1839 1145; x_wconf 78' lang='lat' dir='ltr'><em>decorem</em></span> 
     </span>
     <span class='ocr_line' id='line_1_9' title="bbox 308 1187 1879 1267; baseline 0.003 -23"><span class='ocrx_word' id='word_1_54' title='bbox 308 1191 534 1246; x_wconf 79' lang='lat' dir='ltr'>Domus</span> <span class='ocrx_word' id='word_1_55' title='bbox 588 1200 727 1245; x_wconf 75' lang='lat' dir='ltr'>tuae</span> <span class='ocrx_word' id='word_1_56' title='bbox 757 1232 771 1262; x_wconf 89' lang='lat'><strong>7</strong></span> <span class='ocrx_word' id='word_1_57' title='bbox 819 1198 877 1244; x_wconf 79' lang='lat' dir='ltr'>et</span> <span class='ocrx_word' id='word_1_58' title='bbox 925 1187 1125 1244; x_wconf 76' lang='lat' dir='ltr'>locum</span> <span class='ocrx_word' id='word_1_59' title='bbox 1175 1187 1559 1246; x_wconf 77' lang='lat' dir='ltr'><em>habitationis</em></span> <span class='ocrx_word' id='word_1_60' title='bbox 1595 1191 1840 1267; x_wconf 71' lang='lat' dir='ltr'>gloriae</span> <span class='ocrx_word' id='word_1_61' title='bbox 1877 1197 1879 1199; x_wconf 79' lang='grc'><strong>’</strong></span> 
     </span>
     <span class='ocr_line' id='line_1_10' title="bbox 308 1302 490 1349; baseline 0.011 -1"><span class='ocrx_word' id='word_1_62' title='bbox 308 1302 449 1349; x_wconf 80' lang='lat' dir='ltr'>tuae</span> <span class='ocrx_word' id='word_1_63' title='bbox 479 1337 490 1349; x_wconf 88' lang='lat'><strong>.</strong></span> 
     </span>
    </p>

    <p class='ocr_par' dir='ltr' id='par_1_3' title="bbox 309 1393 1859 2715">
     <span class='ocr_line' id='line_1_11' title="bbox 466 1393 1841 1473; baseline 0.003 -25"><span class='ocrx_word' id='word_1_64' title='bbox 466 1393 628 1449; x_wconf 82' lang='lat' dir='ltr'>Nihil</span> <span class='ocrx_word' id='word_1_65' title='bbox 658 1407 856 1451; x_wconf 86' lang='lat' dir='ltr'>autem</span> <span class='ocrx_word' id='word_1_66' title='bbox 880 1396 950 1452; x_wconf 87' lang='lat' dir='ltr'>ad</span> <span class='ocrx_word' id='word_1_67' title='bbox 980 1395 1344 1452; x_wconf 82' lang='lat' dir='ltr'>sanctitatem</span> <span class='ocrx_word' id='word_1_68' title='bbox 1363 1394 1678 1472; x_wconf 80' lang='lat' dir='ltr'>Religionis</span> <span class='ocrx_word' id='word_1_69' title='bbox 1700 1397 1841 1473; x_wconf 75' lang='lat' dir='ltr'>Ejus</span> 
     </span>
     <span class='ocr_line' id='line_1_12' title="bbox 309 1497 1844 1577; baseline 0.006 -26"><span class='ocrx_word' id='word_1_70' title='bbox 309 1497 675 1572; x_wconf 85' lang='lat' dir='ltr'>prodendam</span> <span class='ocrx_word' id='word_1_71' title='bbox 702 1498 950 1553; x_wconf 85' lang='lat' dir='ltr'>arbitror</span> <span class='ocrx_word' id='word_1_72' title='bbox 978 1518 1098 1555; x_wconf 89' lang='lat' dir='ltr'>esse</span> <span class='ocrx_word' id='word_1_73' title='bbox 1131 1499 1660 1577; x_wconf 88' lang='lat' dir='ltr'>accommodatius7</span> <span class='ocrx_word' id='word_1_74' title='bbox 1692 1504 1844 1561; x_wconf 89' lang='lat' dir='ltr'>nihil</span> 
     </span>
     <span class='ocr_line' id='line_1_13' title="bbox 314 1601 1844 1676; baseline 0.005 -21"><span class='ocrx_word' id='word_1_75' title='bbox 314 1601 384 1656; x_wconf 91' lang='lat' dir='ltr'>ad</span> <span class='ocrx_word' id='word_1_76' title='bbox 434 1601 715 1676; x_wconf 86' lang='lat' dir='ltr'>pietatem</span> <span class='ocrx_word' id='word_1_77' title='bbox 768 1604 1093 1658; x_wconf 88' lang='lat' dir='ltr'>memoriae</span> <span class='ocrx_word' id='word_1_78' title='bbox 1123 1601 1511 1676; x_wconf 77' lang='lat' dir='ltr'>sempiternae</span> <span class='ocrx_word' id='word_1_79' title='bbox 1540 1623 1844 1662; x_wconf 80' lang='lat' dir='ltr'>commen-</span> 
     </span>
     <span class='ocr_line' id='line_1_14' title="bbox 314 1698 1848 1783; baseline 0.004 -25"><span class='ocrx_word' id='word_1_80' title='bbox 314 1704 572 1759; x_wconf 86' lang='lat' dir='ltr'>dandam</span> <span class='ocrx_word' id='word_1_81' title='bbox 600 1703 1086 1779; x_wconf 83' lang='lat' dir='ltr'>illustrius7qu‘am</span> <span class='ocrx_word' id='word_1_82' title='bbox 1112 1704 1408 1760; x_wconf 87' lang='lat' dir='ltr'>recordari</span> <span class='ocrx_word' id='word_1_83' title='bbox 1430 1698 1848 1783; x_wconf 50' lang='lat' dir='ltr'>MARIAEsper-</span> 
     </span>
     <span class='ocr_line' id='line_1_15' title="bbox 314 1805 1849 1886; baseline 0.001 -20"><span class='ocrx_word' id='word_1_84' title='bbox 314 1808 706 1866; x_wconf 87' lang='lat' dir='ltr'>turbationem</span> <span class='ocrx_word' id='word_1_85' title='bbox 737 1808 810 1861; x_wconf 84' lang='lat' dir='ltr'>ob</span> <span class='ocrx_word' id='word_1_86' title='bbox 841 1806 1195 1880; x_wconf 86' lang='lat' dir='ltr'>sacrilegum</span> <span class='ocrx_word' id='word_1_87' title='bbox 1214 1805 1364 1862; x_wconf 85' lang='lat' dir='ltr'>illud</span> <span class='ocrx_word' id='word_1_88' title='bbox 1384 1807 1702 1886; x_wconf 86' lang='lat' dir='ltr'>flagitium7</span> <span class='ocrx_word' id='word_1_89' title='bbox 1728 1831 1849 1886; x_wconf 87' lang='lat' dir='ltr'>quo</span> 
     </span>
     <span class='ocr_line' id='line_1_16' title="bbox 316 1903 1845 1989; baseline 0 -21"><span class='ocrx_word' id='word_1_90' title='bbox 316 1910 583 1987; x_wconf 86' lang='lat' dir='ltr'>capitalis</span> <span class='ocrx_word' id='word_1_91' title='bbox 607 1909 853 1985; x_wconf 85' lang='lat' dir='ltr'>quidam</span> <span class='ocrx_word' id='word_1_92' title='bbox 874 1929 1070 1965; x_wconf 87' lang='lat' dir='ltr'>rerum</span> <span class='ocrx_word' id='word_1_93' title='bbox 1092 1903 1391 1965; x_wconf 84' lang='lat' dir='ltr'>sacrarum</span> <span class='ocrx_word' id='word_1_94' title='bbox 1418 1911 1597 1968; x_wconf 85' lang='lat' dir='ltr'>hostis</span> <span class='ocrx_word' id='word_1_95' title='bbox 1622 1934 1693 1968; x_wconf 88' lang='lat' dir='ltr'>ex</span> <span class='ocrx_word' id='word_1_96' title='bbox 1715 1914 1845 1989; x_wconf 88' lang='lat' dir='ltr'>ipso</span> 
     </span>
     <span class='ocr_line' id='line_1_17' title="bbox 320 2010 1850 2086; baseline 0.001 -15"><span class='ocrx_word' id='word_1_97' title='bbox 320 2014 502 2071; x_wconf 85' lang='lat' dir='ltr'>Altari</span> <span class='ocrx_word' id='word_1_98' title='bbox 528 2035 696 2070; x_wconf 88' lang='lat' dir='ltr'>ausus</span> <span class='ocrx_word' id='word_1_99' title='bbox 722 2027 801 2069; x_wconf 89' lang='lat' dir='ltr'>est</span> <span class='ocrx_word' id='word_1_100' title='bbox 825 2010 1185 2069; x_wconf 82' lang='lat' dir='ltr'>Sacrosancti</span> <span class='ocrx_word' id='word_1_101' title='bbox 1211 2010 1492 2086; x_wconf 84' lang='lat' dir='ltr'>Corporis</span> <span class='ocrx_word' id='word_1_102' title='bbox 1518 2012 1737 2070; x_wconf 88' lang='lat' dir='ltr'>Christi</span> <span class='ocrx_word' id='word_1_103' title='bbox 1759 2035 1850 2072; x_wconf 87' lang='lat' dir='ltr'>cu-</span> 
     </span>
     <span class='ocr_line' id='line_1_18' title="bbox 321 2114 1856 2192; baseline -0.001 -18"><span class='ocrx_word' id='word_1_104' title='bbox 321 2120 546 2175; x_wconf 90' lang='lat' dir='ltr'>stodem</span> <span class='ocrx_word' id='word_1_105' title='bbox 567 2136 772 2192; x_wconf 87' lang='lat' dir='ltr'>rapere</span> <span class='ocrx_word' id='word_1_106' title='bbox 795 2116 1086 2191; x_wconf 87' lang='lat' dir='ltr'>Pyxidem</span> <span class='ocrx_word' id='word_1_107' title='bbox 1116 2136 1128 2171; x_wconf 91' lang='lat'>:</span> <span class='ocrx_word' id='word_1_108' title='bbox 1171 2114 1296 2170; x_wconf 90' lang='lat' dir='ltr'>Hoc</span> <span class='ocrx_word' id='word_1_109' title='bbox 1319 2114 1479 2170; x_wconf 92' lang='lat' dir='ltr'>enim</span> <span class='ocrx_word' id='word_1_110' title='bbox 1505 2115 1615 2172; x_wconf 83' lang='lat' dir='ltr'>Illa</span> <span class='ocrx_word' id='word_1_111' title='bbox 1645 2117 1856 2174; x_wconf 89' lang='lat' dir='ltr'>facino-</span> 
     </span>
     <span class='ocr_line' id='line_1_19' title="bbox 322 2219 1856 2295; baseline 0 -19"><span class='ocrx_word' id='word_1_112' title='bbox 322 2242 384 2278; x_wconf 90' lang='lat' dir='ltr'>re</span> <span class='ocrx_word' id='word_1_113' title='bbox 432 2221 630 2278; x_wconf 88' lang='lat' dir='ltr'>audito</span> <span class='ocrx_word' id='word_1_114' title='bbox 656 2233 956 2294; x_wconf 85' lang='lat' dir='ltr'>tantopere</span> <span class='ocrx_word' id='word_1_115' title='bbox 981 2232 1281 2273; x_wconf 88' lang='lat' dir='ltr'>commota</span> <span class='ocrx_word' id='word_1_116' title='bbox 1307 2232 1388 2275; x_wconf 88' lang='lat' dir='ltr'>est</span> <span class='ocrx_word' id='word_1_117' title='bbox 1414 2263 1428 2295; x_wconf 85' lang='lat'><strong>7</strong></span> <span class='ocrx_word' id='word_1_118' title='bbox 1483 2233 1545 2274; x_wconf 90' lang='lat' dir='ltr'>ut</span> <span class='ocrx_word' id='word_1_119' title='bbox 1571 2219 1718 2275; x_wconf 90' lang='lat' dir='ltr'>Eam</span> <span class='ocrx_word' id='word_1_120' title='bbox 1746 2222 1856 2295; x_wconf 89' lang='lat' dir='ltr'>pri-</span> 
     </span>
     <span class='ocr_line' id='line_1_20' title="bbox 325 2321 1859 2400; baseline -0.001 -18"><span class='ocrx_word' id='word_1_121' title='bbox 325 2346 491 2382; x_wconf 89' lang='lat' dir='ltr'>mum</span> <span class='ocrx_word' id='word_1_122' title='bbox 516 2328 720 2384; x_wconf 89' lang='lat' dir='ltr'>tacitus</span> <span class='ocrx_word' id='word_1_123' title='bbox 744 2340 943 2400; x_wconf 88' lang='lat' dir='ltr'>stupor</span> <span class='ocrx_word' id='word_1_124' title='bbox 966 2322 1342 2399; x_wconf 76' lang='lat' dir='ltr'>oppresserit7</span> <span class='ocrx_word' id='word_1_125' title='bbox 1364 2321 1575 2378; x_wconf 84' lang='lat' dir='ltr'>deinde</span> <span class='ocrx_word' id='word_1_126' title='bbox 1597 2322 1698 2377; x_wconf 88' lang='lat' dir='ltr'>ubi</span> <span class='ocrx_word' id='word_1_127' title='bbox 1726 2324 1859 2381; x_wconf 87' lang='lat' dir='ltr'>Sese</span> 
     </span>
     <span class='ocr_line' id='line_1_21' title="bbox 325 2429 1855 2508; baseline -0.003 -19"><span class='ocrx_word' id='word_1_128' title='bbox 325 2432 564 2508; x_wconf 85' lang='lat' dir='ltr'>collegit</span> <span class='ocrx_word' id='word_1_129' title='bbox 594 2480 609 2508; x_wconf 90' lang='lat'><strong>7</strong></span> <span class='ocrx_word' id='word_1_130' title='bbox 655 2432 736 2488; x_wconf 86' lang='lat' dir='ltr'>ita</span> <span class='ocrx_word' id='word_1_131' title='bbox 763 2432 919 2507; x_wconf 88' lang='lat' dir='ltr'>apud</span> <span class='ocrx_word' id='word_1_132' title='bbox 951 2449 1084 2486; x_wconf 88' lang='lat' dir='ltr'>suos</span> <span class='ocrx_word' id='word_1_133' title='bbox 1111 2429 1306 2484; x_wconf 88' lang='lat' dir='ltr'>locuta</span> <span class='ocrx_word' id='word_1_134' title='bbox 1336 2440 1418 2484; x_wconf 88' lang='lat' dir='ltr'>est</span> <span class='ocrx_word' id='word_1_135' title='bbox 1446 2473 1462 2502; x_wconf 88' lang='lat'><strong>7</strong></span> <span class='ocrx_word' id='word_1_136' title='bbox 1505 2440 1568 2481; x_wconf 92' lang='lat' dir='ltr'>ut</span> <span class='ocrx_word' id='word_1_137' title='bbox 1598 2448 1669 2484; x_wconf 89' lang='lat' dir='ltr'>ex</span> <span class='ocrx_word' id='word_1_138' title='bbox 1698 2429 1855 2485; x_wconf 87' lang='lat' dir='ltr'>vocis</span> 
     </span>
     <span class='ocr_line' id='line_1_22' title="bbox 328 2529 1857 2612; baseline -0.004 -19"><span class='ocrx_word' id='word_1_139' title='bbox 328 2557 469 2593; x_wconf 89' lang='lat' dir='ltr'>sono</span> <span class='ocrx_word' id='word_1_140' title='bbox 499 2583 514 2612; x_wconf 92' lang='lat'><strong>7</strong></span> <span class='ocrx_word' id='word_1_141' title='bbox 561 2557 633 2593; x_wconf 86' lang='lat' dir='ltr'>ex</span> <span class='ocrx_word' id='word_1_142' title='bbox 661 2535 843 2591; x_wconf 87' lang='lat' dir='ltr'>oculis</span> <span class='ocrx_word' id='word_1_143' title='bbox 870 2581 884 2608; x_wconf 94' lang='lat'><strong>7</strong></span> <span class='ocrx_word' id='word_1_144' title='bbox 929 2554 959 2589; x_wconf 89' lang='lat' dir='ltr'>e</span> <span class='ocrx_word' id='word_1_145' title='bbox 1002 2532 1168 2589; x_wconf 82' lang='lat' dir='ltr'>vultu</span> <span class='ocrx_word' id='word_1_146' title='bbox 1197 2530 1443 2605; x_wconf 87' lang='lat' dir='ltr'>denique</span> <span class='ocrx_word' id='word_1_147' title='bbox 1472 2544 1592 2585; x_wconf 91' lang='lat' dir='ltr'>toto</span> <span class='ocrx_word' id='word_1_148' title='bbox 1620 2529 1857 2587; x_wconf 85' lang='lat' dir='ltr'>intimus</span> 
     </span>
     <span class='ocr_line' id='line_1_23' title="bbox 326 2633 1856 2715; baseline -0.003 -21"><span class='ocrx_word' id='word_1_149' title='bbox 326 2638 560 2715; x_wconf 83' lang='lat' dir='ltr'>pictatis</span> <span class='ocrx_word' id='word_1_150' title='bbox 586 2661 720 2697; x_wconf 89' lang='lat' dir='ltr'>suae</span> <span class='ocrx_word' id='word_1_151' title='bbox 749 2658 943 2695; x_wconf 88' lang='lat' dir='ltr'>sensus</span> <span class='ocrx_word' id='word_1_152' title='bbox 975 2636 1255 2694; x_wconf 88' lang='lat' dir='ltr'>emineret</span> <span class='ocrx_word' id='word_1_153' title='bbox 1279 2678 1292 2693; x_wconf 87' lang='lat'><strong>.</strong></span> <span class='ocrx_word' id='word_1_154' title='bbox 1335 2633 1699 2711; x_wconf 82' lang='lat' dir='ltr'>Sacrilegum</span> <span class='ocrx_word' id='word_1_155' title='bbox 1734 2654 1856 2690; x_wconf 88' lang='lat' dir='ltr'>sce-</span> 
     </span>
    </p>
   </div>
  </div>
 </body>
</html>
