2253 3340
1037 398 1107 432 20

314 495 610 550 videamus
650 488 941 547 Eamdem
987 510 1166 564 quam
1212 490 1460 547 studiose
1485 535 1498 565 7
1543 511 1840 567 quamque

315 595 621 668 diligenter
661 591 1084 649 sanctissimam
1108 588 1402 663 Majorum
1427 611 1663 649 suorum
1690 593 1843 649 Reli-

316 699 557 775 gionem
582 699 651 754 sit
679 694 971 753 aemulata
995 736 1006 748 .
1051 691 1445 750 Meditabatur
1472 694 1601 769 Ipsa
1633 696 1840 752 Secum

310 802 382 856 ab
439 820 554 855 uno
592 799 713 853 Deo
744 811 967 853 tantam
1009 797 1336 870 potentiam
1367 841 1382 870 7
1430 810 1510 851 tot
1537 799 1845 872 regionum

320 901 791 958 dominationem
835 921 949 957 esse
995 898 1376 970 attributam3
1421 920 1526 956 nec
1553 901 1734 957 talem
1762 901 1847 955 di-

323 1005 606 1081 gnitatem
634 1049 648 1077 7
696 1018 870 1076 atque
899 1023 1035 1076 opes
1064 1004 1201 1058 sorti
1226 1048 1240 1075 7
1271 1005 1462 1077 generi
1498 1049 1512 1077 7
1546 1003 1670 1059 Suis
1700 1023 1714 1076 7
1746 1004 1846 1059 sed

315 1128 586 1184 supremo
638 1107 904 1164 omnium
953 1126 1150 1162 rerum
1176 1103 1435 1161 Domino
1479 1107 1550 1163 Se
1595 1108 1803 1163 debere
1831 1153 1846 1182 7

319 1213 488 1285 eique
515 1209 804 1283 imprimis
828 1223 880 1265 et
903 1210 1180 1283 agendas7
1208 1220 1263 1264 et
1288 1207 1583 1265 habendas
1607 1209 1850 1284 gratias7

316 1312 363 1368 si
406 1313 563 1369 felici
616 1311 998 1368 consiliorum
1045 1331 1284 1368 suorum
1332 1311 1488 1367 exitu
1515 1311 1688 1368 vellet
1715 1314 1802 1368 uti
1835 1357 1850 1387 7

321 1418 464 1473 dum
489 1415 706 1470 viveret
739 1435 754 1486 7
801 1427 856 1470 et
891 1428 1281 1488 posteaquam
1307 1413 1461 1470 vitae
1487 1434 1718 1471 cursum
1746 1435 1851 1488 pe-

322 1520 559 1594 regisset
577 1566 590 1593 7
608 1520 950 1593 promissam
974 1503 1431 1591 justislaborum
1453 1538 1692 1576 suorum
1712 1539 1858 1574 mer-

323 1624 529 1680 cedem
558 1635 794 1696 cuperet
824 1622 883 1675 in
912 1620 1098 1676 Coelo
1127 1634 1447 1694 reportare.
1474 1622 1685 1677 Aderat
1714 1640 1857 1695 quo-

328 1719 468 1780 tidfe
495 1726 680 1781 Sacris
709 1724 947 1798 privatis
974 1769 987 1797 7
1019 1724 1310 1779 interdum
1338 1736 1394 1779 et
1421 1722 1672 1798 publicis
1703 1743 1717 1795 7
1741 1722 1854 1778 sin-

331 1831 479 1907 gulis
505 1827 851 1884 Catholicae
878 1824 1172 1882 Ecclesiae
1198 1826 1516 1900 praeceptis
1544 1824 1862 1899 religiosis-

331 1933 474 1990 sime
505 1931 941 2007 obtemperabat
974 1949 988 2002 7
1031 1927 1286 1985 Coelites
1325 1948 1522 1985 omnes
1570 1927 1863 1985 studiosis-

336 2040 480 2096 sime
529 2035 915 2113 yenerabatur
962 2051 977 2107 7
1043 2031 1265 2089 solebat
1319 2050 1524 2087 eorum
1573 2029 1865 2104 Reliquias

341 2144 492 2219 apud
517 2143 588 2197 Se
616 2139 861 2211 habere7
895 2158 1104 2211 easque
1133 2155 1305 2211 auro7
1334 2149 1388 2190 et
1413 2135 1661 2210 gemmis
1685 2133 1866 2189 inclu-

344 2267 433 2304 sas
485 2265 666 2320 quam
695 2240 1089 2297 ornatissime:
1137 2239 1245 2294 Sed
1276 2238 1642 2312 potissimum
1666 2237 1871 2292 Serva-

348 2349 486 2406 toris
511 2345 710 2402 Nostri
730 2342 977 2400 Matrem
997 2342 1301 2419 Virginem
1323 2341 1635 2416 praecipuo
1657 2361 1774 2396 non
1793 2360 1873 2397 so-

346 2455 474 2510 lum
500 2452 628 2525 Ipsa
653 2449 812 2505 cultu
841 2447 1180 2504 observabat
1210 2467 1224 2522 7
1252 2465 1457 2503 verum
1487 2446 1662 2502 etiam
1689 2444 1875 2523 impe-

352 2556 494 2611 ravit
520 2599 534 2625 7
562 2567 623 2609 ut
654 2554 727 2608 ad
757 2553 1045 2608 honorem
1068 2551 1203 2624 Ejus
1234 2550 1294 2603 in
1322 2547 1591 2605 omnibus
1619 2546 1875 2604 militum

354 2656 693 2716 stationibus
723 2655 881 2710 clara
922 2674 1065 2711 voce
1101 2652 1237 2708 illae
1263 2670 1461 2727 preces
1507 2649 1766 2724 quotidie
1797 2669 1879 2706 re-
