2253 3340
1074 364 1149 438 24

353 480 468 540 mis
497 479 707 535 dicitur
754 476 827 533 ad
871 474 1251 532 fundamenta
1276 471 1536 529 attulisse
1566 515 1578 528 .
1620 471 1879 529 Sanctius

355 583 541 656 enim,
587 600 653 637 ac
683 577 1072 636 venerabilius
1100 576 1248 632 illud
1276 575 1453 650 vulgo
1484 574 1670 630 videri
1696 574 1843 631 solet
1863 620 1879 649 ‚

353 684 508 758 quod
538 682 765 756 Regum
789 678 1032 736 consilio
1063 677 1493 752 excogitatum⁷
1520 674 1772 751 Regibus
1802 674 1882 748 ip-

358 786 434 843 sis
485 783 880 862 praesentibus
909 827 924 856 ‚
970 796 1025 838 et
1054 782 1128 838 ad
1175 781 1441 854 aliquam
1480 776 1700 834 laboris
1744 796 1881 850 par-

351 902 472 947 tem
501 887 975 947 descendentibus
1005 879 1343 941 inchoatur!

508 993 714 1066 Neque
739 992 847 1047 hac
872 1011 988 1046 una
1016 1011 1079 1045 re
1101 1003 1385 1062 quantum
1408 987 1756 1044 beneficium
1783 1005 1880 1041 ac-

355 1095 594 1172 cepisset
620 1093 753 1149 satis
782 1092 983 1147 habuit
1009 1090 1304 1146 ostendere
1328 1132 1340 1144 .
1370 1090 1638 1146 Ostendit
1663 1089 1839 1145 etiam
1863 1134 1878 1163 ⁷

353 1217 489 1254 cum
537 1192 951 1269 gravissimum
990 1191 1137 1247 illud
1163 1191 1473 1248 Decretum
1500 1192 1558 1245 in
1598 1203 1882 1246 extremos

354 1318 590 1375 quoque
616 1298 883 1355 latissimi
904 1294 1147 1370 Imperii
1184 1296 1271 1351 sui
1296 1294 1572 1350 terminos
1601 1294 1883 1369 perferen-

350 1405 497 1460 dum
541 1401 762 1458 curavit
787 1447 801 1475 7
849 1421 966 1475 quo
996 1413 1375 1475 praeceptum
1404 1401 1475 1455 ab
1516 1397 1602 1454 Ea
1649 1412 1726 1455 est
1751 1443 1765 1471 ⁷
1819 1411 1882 1453 ut

348 1507 565 1582 ubique
613 1506 968 1563 Sanctissimi
1004 1505 1214 1561 Cordis
1238 1506 1267 1561 J
1274 1527 1372 1564 esu
1401 1504 1597 1560 Festus
1623 1502 1759 1558 Dies
1786 1521 1880 1556 so-

349 1610 730 1669 lemnioribus
783 1609 1169 1664 celebraretur
1222 1607 1606 1682 religionibus
1637 1628 1651 1679 3
1696 1626 1882 1678 eoque

355 1715 449 1770 die
477 1727 680 1769 cuncta
704 1714 763 1767 in
789 1712 965 1786 regiis
994 1711 1233 1767 aedibus
1264 1712 1336 1766 ad
1363 1730 1647 1784 pompam
1677 1753 1692 1782 7
1716 1707 1881 1762 laeti-

356 1817 616 1890 tiamque
648 1813 928 1870 nobiliori
957 1826 1241 1888 apparatu
1268 1812 1733 1886 splendescerent
1757 1830 1769 1864 z
1799 1810 1880 1884 (ι)

351 1917 616 1976 Ostendit
672 1917 878 1973 deinde
921 1961 935 1990 7
992 1936 1128 1971 cum
1174 1912 1693 1989 praestantissimos
1750 1911 1880 1966 illos

351 2023 630 2098 Equitum
658 2021 908 2077 Ordines
939 2020 998 2074 in
1023 2017 1381 2074 Sanctissimi
1406 2016 1617 2071 Cordis
1640 2016 1669 2071 J
1678 2036 1773 2071 esu
1800 2028 1881 2069 tu-

363 2127 541 2182 telam
570 2171 584 2200 ,
613 2144 679 2180 ac
705 2121 1063 2198 praesidium
1085 2120 1323 2175 tradidit
1352 2163 1366 2191 7
1398 2137 1676 2190 sacroque
1702 2116 1878 2171 Stem-

351 2244 514 2286 mate
538 2228 846 2305 primarios
871 2226 1207 2282 eorumdem
1227 2221 1392 2277 Viros
1410 2220 1593 2275 voluit
1615 2238 1730 2274 esse
1753 2216 1880 2272 insi-

357 2334 570 2410 gnitos:
596 2332 675 2410 (2)
698 2329 962 2387 Ostendit
987 2327 1233 2401 denique
1255 2323 1560 2380 constituto
1584 2339 1880 2376 sacrarum

356 2434 666 2510 Virgilium
690 2432 959 2506 Collegio
988 2477 1001 2505 7
1028 2451 1175 2504 quae
1196 2424 1551 2485 Sanctissimi
1571 2422 1781 2478 Cordis
1799 2421 1828 2476 J
1834 2444 1881 2478 e·

477 2589 535 2635 (ι)
565 2589 660 2623 Diar-
678 2600 764 2623 sacr.
780 2588 903 2634 Olisip.
924 2599 956 2634 p.
971 2599 1015 2621 m.
1034 2598 1092 2634 99.

476 2661 532 2710 (2)
560 2663 638 2709 Leg.
655 2662 711 2696 lat.
728 2661 820 2695 xm.
839 2659 1056 2704 Kalend.Jul.
1076 2655 1398 2693 MDCCLXXXIX.
1415 2652 1445 2700 ᾧ
1466 2663 1531 2697 24.,
1547 2659 1581 2686 et
1598 2661 1652 2697 ²5⁹
