2253 3340
1065 341 1135 412 14

330 452 479 506 cives
506 471 619 505 non
650 451 840 506 solum
868 451 1238 525 aequioribus
1264 454 1695 513 conditionibus
1720 461 1801 514 uti
1834 505 1849 533 7

329 554 668 627 Principum
696 554 1055 610 voluntatem
1080 570 1338 613 sanctam
1363 604 1378 633 7
1403 556 1852 634 Magistratuum

325 656 670 730 dignitatem
726 659 1075 731 ampliorem
1106 703 1120 732 7
1161 660 1189 714 J
1196 661 1432 716 udicum
1484 664 1851 720 severitatem

327 761 657 832 graviorem
686 761 885 817 haberi
909 781 924 833 3
968 782 1170 817 verum
1201 763 1379 818 etiam
1405 779 1636 822 mutuas
1662 767 1849 821 homi-

325 879 468 916 num
489 861 939 920 necessitudines
964 908 978 937 7
1004 865 1195 920 officia
1211 910 1225 937 7
1249 866 1491 940 juraque
1513 870 1850 925 communia

322 960 403 1016 ita
432 964 578 1018 inter
605 985 663 1019 se
687 965 901 1021 servari
920 1011 939 1037 7
968 980 1031 1021 ut
1058 965 1117 1019 in
1147 988 1215 1022 ea
1242 969 1475 1024 civitate
1503 968 1744 1042 perinde
1772 971 1849 1025 vi-

322 1084 524 1121 vamus
550 1111 564 1138 7
617 1087 682 1122 ae
712 1067 859 1122 bene
887 1066 1137 1122 instituti
1164 1068 1335 1123 liberi
1363 1071 1421 1122 in
1448 1071 1675 1143 privata
1710 1093 1850 1145 pru—

322 1168 507 1223 dentis
541 1168 778 1241 alicujus
812 1170 1242 1242 patrisfamilias
1293 1172 1469 1227 domo
1509 1187 1807 1230 versantur
1837 1218 1849 1230 .

319 1269 724 1336 Quamobrem
753 1270 860 1325 hoc
884 1290 1117 1345 quoque
1144 1272 1334 1327 effecit
1381 1274 1609 1330 divinae
1638 1276 1850 1332 indolis

325 1369 535 1427 Mulier
562 1418 576 1447 7
625 1387 686 1427 ut
738 1388 953 1430 veteres
982 1373 1213 1448 Imperii
1241 1374 1395 1448 leges
1424 1376 1846 1451 religiosissime

318 1489 680 1532 servarentur
702 1497 716 1549 3
754 1490 809 1532 et
832 1498 972 1550 quas
998 1491 1096 1533 aut
1123 1491 1457 1552 temporum
1477 1480 1803 1535 vicissitudo
1829 1526 1844 1554 7

316 1591 416 1633 aut
442 1579 623 1635 civilis
655 1581 1167 1635 administrationis
1192 1583 1339 1637 ratio
1378 1626 1392 1655 7
1439 1596 1538 1637 aut
1567 1584 1764 1656 aliqua
1792 1599 1846 1640 et

317 1681 739 1737 consuetudinis
755 1726 768 1752 7
795 1695 851 1738 et
877 1703 1109 1739 morum
1132 1685 1514 1740 commutatio
1538 1686 1628 1740 vel
1656 1707 1845 1741 emen-

313 1781 450 1837 dare
481 1827 495 1855 7
541 1796 596 1838 et
625 1785 909 1859 corrigere
939 1830 954 1858 7
998 1787 1089 1841 vel
1119 1788 1189 1842 de
1220 1788 1442 1861 integro
1467 1790 1688 1845 sancire
1710 1809 1843 1845 coe—

311 1885 507 1959 gisset7
535 1888 774 1943 eaedem
800 1908 900 1961 per
929 1888 1091 1945 Viros
1119 1910 1348 1946 summa
1374 1892 1657 1965 sapientia
1675 1937 1688 1964 7
1714 1912 1842 1965 pru-

308 1990 618 2064 dentiaque
649 1991 786 2062 juris
814 1994 1072 2066 egregios
1090 2039 1103 2063 7
1137 1994 1218 2048 ita
1248 1995 1319 2048 ad
1348 2008 1505 2049 certa
1532 1996 1726 2068 capita
1751 2016 1840 2051 re·-

308 2105 650 2147 vocarentur
676 2137 691 2165 7
721 2106 784 2146 ut
811 2108 949 2150 esset
980 2096 1282 2167 aequitatis
1309 2139 1322 2167 7
1367 2095 1732 2169 justitiaeque
1759 2117 1842 2153 ra-

314 2194 393 2247 tio
424 2196 746 2268 expeditior
797 2197 875 2272 (1)
899 2239 910 2250 .
954 2194 1170 2251 Verum
1201 2215 1316 2269 quo
1345 2197 1532 2268 majus
1581 2197 1644 2251 iis
1673 2197 1841 2253 rebus

317 2298 580 2355 omnibus
626 2301 1057 2356 firmamentum
1083 2344 1097 2370 7
1145 2320 1209 2353 ac
1240 2300 1518 2356 stabilitas
1557 2300 1840 2374 adjunge—

317 2413 472 2455 retur
498 2446 513 2475 7
551 2421 852 2477 nunquam
890 2404 1101 2459 destitit
1132 2405 1270 2460 fines
1296 2423 1423 2459 suos
1453 2404 1793 2460 exercitibus
1821 2450 1836 2478 7

426 2564 484 2605 (1)
513 2562 619 2596 Decr.
645 2564 766 2599 sancit.
785 2565 873 2612 prid.
892 2566 965 2600 Kal·
984 2566 1104 2613 April„
1131 2577 1173 2600 ex
1201 2577 1270 2612 quo
1301 2566 1395 2602 aliud
1423 2574 1539 2601 ortum
1567 2566 1655 2600 XVI.
1673 2566 1848 2600 KaLSext.

321 2631 631 2669 MDCCLXXVII.
