2253 3340
1102 353 1175 405 35

374 468 692 541 Nunquam
746 465 855 520 illa
886 466 1128 539 quidem
1178 466 1403 520 desinet
1431 468 1681 523 illustria
1710 469 1809 526 abs
1836 470 1917 528 Te

371 571 575 628 relicta
621 570 974 626 clementiae
1020 568 1181 625 Tuae
1230 585 1620 627 monumenta
1656 592 1916 629 conune-

370 695 602 733 morare
628 695 644 748 7
688 674 1143 748 sapientissimas
1173 675 1326 749 leges
1355 676 1719 751 ltffaedicare7
1748 674 1917 752 atque

371 779 720 855 gravissima
747 778 978 834 decreta
1004 778 1274 835 laudibus
1304 781 1376 835 ad
1404 779 1656 837 Coclum
1681 781 1914 839 efferre.

369 880 449 938 Te
478 883 539 936 in
577 882 776 956 Regno
804 883 1169 938 moderando
1224 885 1739 957 prudentissiinam
1767 907 1916 944 sem-

368 1003 565 1059 per7ac
591 983 1137 1059 diligentissimam3
1167 985 1248 1042 Te
1278 986 1337 1041 in
1366 1006 1564 1042 amore
1595 1009 1733 1063 erga
1758 1006 1914 1066 sc7et

369 1087 731 1164 benignitate
758 1103 1066 1162 parentem
1097 1092 1383 1164 optimam
1403 1114 1417 1167 7
1440 1092 1520 1148 Te
1551 1093 1607 1148 in
1637 1094 1779 1151 Iside
1808 1140 1821 1167 7
1848 1117 1914 1151 ac

368 1191 673 1265 Religione
701 1189 1012 1246 Catholica
1050 1195 1336 1249 servanda
1365 1239 1379 1266 7
1426 1197 1697 1270 augenda
1722 1241 1735 1267 7
1780 1218 1913 1272 pro-

369 1294 763 1369 pagandaque
791 1293 1064 1350 fatebitur
1094 1340 1108 1368 7
1140 1315 1260 1351 nou
1289 1296 1478 1352 solum
1506 1295 1800 1373 Majorum
1823 1322 1911 1357 ve-

368 1397 552 1470 stigiis
584 1395 857 1452 institisse
886 1419 900 1471 3
944 1418 1147 1453 verum
1173 1400 1351 1455 etiam
1381 1445 1394 1471 7
1440 1401 1548 1456 nisi
1579 1403 1910 1477 gloriosissi-

366 1519 537 1555 mum
568 1514 1027 1575 cognomentum
1055 1501 1205 1557 illud
1231 1503 1650 1561 Lusitanorum
1683 1507 1911 1584 Regum

364 1603 501 1658 fidei
531 1626 566 1659 a
592 1603 847 1658 Summis
877 1603 1255 1661 Pontificibus
1301 1609 1668 1682 impertitum
1696 1609 1906 1667 merito

364 1705 478 1781 Ipsi
505 1725 613 1763 suo
659 1720 1051 1781 reportassent
1080 1753 1095 1783 7
1137 1707 1220 1766 Te
1251 1710 1423 1766 fuisse
1450 1713 1860 1786 dignissimam
1889 1761 1905 1790 7

364 1807 550 1883 Cujus
576 1826 916 1885 perspectae
941 1857 956 1885 7
986 1812 1438 1889 explorataeque
1468 1816 1738 1891 religioni
1767 1838 1906 1874 con—

363 1916 665 1971 cederetur
693 1958 705 1970 .
749 1916 859 1970 Sed
887 1916 949 1970 in
984 1917 1135 1973 hisce
1186 1920 1304 1974 fere
1332 1918 1692 1992 quotidianis
1718 1922 1903 1977 virtu—

362 2031 490 2073 tum
515 2017 781 2074 'l'uarum
832 2019 1105 2075 laudibus
1158 2021 1308 2074 nihil
1338 2035 1644 2094 tantopere
1670 2022 1902 2078 Lusita-

360 2120 462 2178 nia
486 2122 809 2178 celebrabit
844 2168 858 2197 7
904 2136 1263 2197 quantopere
1292 2123 1652 2198 singularem
1682 2125 1851 2182 illam
1881 2172 1897 2200 7

360 2243 426 2279 ac
454 2245 606 2298 pene
640 2225 1049 2281 incredibilem
1077 2244 1281 2281 curam
1309 2226 1696 2282 admirabitur
1726 2272 1740 2300 7
1781 2249 1897 2302 qua

358 2349 585 2404 semper
615 2330 927 2387 elaborasti
957 2376 971 2404 7
1016 2343 1080 2386 ut
1124 2329 1478 2387 JOANNEM
1506 2330 1592 2387 Vl.
1642 2334 1895 2407 pruden-

361 2434 475 2490 tiae
499 2479 514 2507 7
539 2435 794 2492 caritatis
820 2483 834 2511 7
867 2457 932 2492 ac
961 2436 1259 2512 religionis
1286 2434 1446 2492 Tuae
1472 2436 1766 2510 specimen
1791 2483 1805 2511 7
1837 2449 1894 2493 et

359 2534 721 2592 imitatorem
752 2539 1058 2613 egregium
1104 2538 1497 2613 relinqueres:
1541 2539 1664 2594 Iloc
1706 2543 1892 2614 sospi-

358 2654 415 2697 te
453 2685 466 2716 7
514 2655 685 2715 atque
737 2644 1064 2724 imperante
1096 2689 1111 2720 7
1156 2663 1277 2700 non
1321 2644 1426 2700 illa
1473 2644 1888 2719 tranquillitati

1459 2754 1488 2788 2
