2253 3340
1039 377 1110 430 28

309 490 560 547 rioribus
588 486 844 544 consiliis
875 487 1324 562 opprimendam
1355 532 1368 561 ‚
1415 486 1843 561 delendamque

309 592 531 649 curavit
565 635 576 647 .
623 593 706 668 (1)

475 698 760 753 Hactenus
789 695 860 751 de
885 691 1160 749 MARIAE
1187 691 1226 749 Ι.
1272 693 1573 770 Religione
1602 737 1614 749 .
1658 693 1845 748 Venio

306 821 461 858 nunc
491 802 564 855 ad
607 818 739 855 eam
781 798 1019 854 laudem
1049 843 1063 871 ‚
1119 817 1235 871 qua
1275 817 1391 853 una
1432 811 1622 853 cetera
1672 816 1847 852 orna·
1903 778 1908 782 .

307 916 506 959 menta
530 901 731 959 omnia
755 946 769 975 ‚
797 920 928 956 meo
957 899 1174 973 judicio
1200 944 1214 973 ⁷
1242 899 1608 956 continentur
1636 919 1652 971 3
1699 919 1847 973 quae

309 1007 436 1063 sola
476 1006 555 1061 ita
595 1024 701 1078 per
744 1023 802 1058 se
849 1001 1145 1074 Principes
1184 1001 1446 1055 honestat
1470 1045 1484 1073 7
1528 1012 1593 1055 ut
1622 1044 1636 1073 7
1670 999 1841 1055 illam

310 1108 412 1184 qui
461 1106 823 1182 neglexerint
846 1150 860 1178 a
890 1102 1120 1159 nullam
1171 1121 1433 1176 unquam
1478 1102 1706 1177 gloriae
1755 1103 1846 1157 fa-

306 1231 473 1268 mam
495 1211 609 1266 sint
632 1206 875 1265 assecuti
890 1228 904 1281 3
920 1220 974 1262 at
996 1220 1199 1260 contra
1214 1252 1228 1279 7
1248 1204 1350 1278 qui
1368 1224 1498 1260 eam
1521 1204 1843 1279 coluerint,

305 1334 455 1388 pene
493 1314 563 1368 ad
604 1311 800 1386 ipsum
834 1308 1028 1364 Deum
1065 1306 1367 1363 accessisse
1395 1306 1836 1362 existimentur.

307 1416 544 1490 Loquor
580 1416 652 1470 de
682 1411 965 1488 singulari
993 1410 1248 1486 Reginae
1276 1409 1636 1485 Benignitate
1666 1455 1681 1484 7
1727 1431 1845 1484 qua

306 1519 387 1575 sic
416 1516 690 1573 excelluit
717 1562 734 1590 7
780 1529 842 1571 ut
867 1514 1127 1570 Parentis
1156 1513 1419 1587 optimae
1445 1560 1460 1589 ⁷
1512 1526 1569 1569 et
1598 1533 1839 1569 suorum

312 1619 753 1676 amantissimae
781 1617 995 1673 merito
1018 1636 1236 1671 nomen
1262 1616 1572 1671 obtinuerit
1595 1659 1607 1670 .
1632 1615 1837 1690 Ingens

307 1734 467 1796 patet
509 1718 817 1792 Olisipone
846 1716 1113 1773 omnium
1141 1715 1451 1772 hominum
1477 1715 1834 1772 necessitati—

306 1822 414 1877 bus
438 1848 441 1850 ·
465 1840 779 1876 commune
823 1819 1160 1894 perfugium
1192 1866 1206 1893 ⁷
1252 1820 1410 1893 quod
1439 1841 1472 1874 a
1499 1819 1693 1890 primo
1724 1816 1827 1871 illo

308 1921 626 1978 Conditore
673 1919 1108 1976 Misericordiae
1154 1921 1504 1992 cognomine
1533 1932 1614 1975 est
1644 1919 1844 1992 appel-

306 2026 495 2080 latum
524 2069 538 2098 7
582 2036 644 2079 ut
691 2022 830 2078 satis
878 2023 1010 2077 inde
1059 2023 1454 2078 ostenderetur
1482 2066 1496 2095 ,
1554 2040 1734 2094 quam
1763 2021 1836 2075 ob

309 2146 548 2183 causam
588 2126 987 2200 excogitatum
1014 2138 1159 2181 esset
1184 2167 1199 2198 ‚
1246 2138 1418 2199 atque
1462 2123 1789 2179 institutum
1818 2167 1830 2179 .

308 2223 418 2286 Hic
467 2230 624 2286 enim
671 2230 831 2305 aegri
875 2228 1258 2300 morborum,
1306 2241 1359 2284 et
1386 2227 1696 2284 vulnerum
1723 2246 1839 2283 me-

311 2334 569 2390 dicinam
594 2353 608 2407 3
656 2347 842 2390 aetate
871 2332 1093 2389 debiles
1124 2378 1138 2407 ⁷
1183 2331 1462 2405 omnique
1487 2349 1550 2386 re
1576 2328 1836 2385 familia-

310 2439 360 2493 ri
388 2438 641 2495 destituti
669 2438 996 2494 subsidium
1037 2450 1296 2493 senectae
1326 2480 1342 2509 ⁷
1387 2447 1559 2508 atque
1612 2445 1835 2508 egesta-

312 2538 384 2594 tis
430 2560 445 2612 3
488 2539 583 2594 hic
632 2537 926 2613 peregrini
989 2537 1311 2611 hospitium
1353 2557 1368 2610 ς
1413 2535 1662 2611 virgines
1728 2534 1836 2588 do-

425 2682 484 2728 (ι)
513 2680 592 2728 Leg.
611 2679 694 2716 edit.
708 2681 766 2716 XI.
785 2681 939 2725 Kal-Jul.
958 2679 1300 2715 MDCCLXXXVH.
