2253 3340
1051 351 1118 404 18

319 463 426 537 ipsi
451 481 645 519 secum
666 461 738 518 de
760 460 1104 520 excellentia
1126 464 1485 520 decertarent
1507 484 1521 538 3
1547 468 1640 523 sed
1670 468 1850 527 etiam

315 586 418 620 sua
467 566 747 623 industria
794 568 1171 641 perficerent7
1215 580 1279 623 ut
1308 588 1455 643 quae
1503 571 1636 628 foris
1665 585 1837 630 antea

314 669 661 742 petebantur
688 669 1021 743 disciplinae
1050 714 1064 743 7
1112 691 1213 726 eae
1240 671 1300 725 in
1327 684 1381 728 te
1411 717 1425 745 7
1470 674 1843 749 tanquamlin

318 789 420 825 suo
449 771 602 844 solo7
632 772 754 844 jam
781 783 950 827 natae
981 816 995 845 7
1042 791 1107 827 ac
1133 773 1364 845 genitae
1393 776 1726 832 viderentur
1754 819 1768 831 .

474 876 744 933 Studium
771 889 961 933 autem
992 921 1005 951 7
1051 897 1165 952 quo
1195 891 1449 936 veterem
1476 879 1645 935 illam
1671 898 1844 934 nava—

316 978 435 1033 lem
461 977 710 1034 Suorum
737 978 989 1052 gloriam
1032 981 1392 1036 retinendam
1427 980 1547 1035 Sibi
1585 1000 1701 1036 esse
1743 981 1849 1036 du—

316 1082 463 1136 xerit
480 1125 493 1154 7
510 1081 756 1137 breviter
784 1100 1339 1137 commemoremus
1371 1081 1537 1138 Scitis
1562 1125 1576 1154 7
1601 1081 1849 1155 EE.PP.‚

317 1205 495 1258 quam
544 1185 660 1242 late
688 1198 888 1260 pateat
915 1184 1224 1240 Lusitanae
1251 1182 1680 1241 Dominationis
1717 1205 1844 1240 ma·-

315 1287 563 1360 gnitudo
591 1305 604 1340 :
648 1306 769 1342 non
797 1307 865 1342 ea
891 1286 1159 1362 Europae
1214 1287 1475 1344 terminis
1501 1301 1794 1344 coercetur
1831 1306 1847 1358 ς

313 1391 717 1465 complectitur
746 1404 802 1447 et
827 1391 1049 1447 nobiles
1097 1391 1322 1447 Africae
1366 1391 1582 1448 insulas
1611 1437 1625 1465 7
1672 1404 1845 1465 atque

312 1507 556 1569 portu33
601 1496 675 1549 ad
721 1496 1045 1551 uberrimas
1085 1497 1249 1551 Asiae
1278 1495 1592 1570 regiones7
1636 1494 1844 1550 ditissi—

312 1618 551 1672 masque
579 1598 640 1653 in
669 1620 738 1654 ea
764 1599 933 1654 urbes
963 1596 1215 1655 excurrit
1244 1616 1259 1669 3
1315 1596 1595 1652 latissima
1620 1608 1848 1670 praete-

314 1720 412 1756 rea
437 1745 452 1774 7
482 1702 759 1776 omnique
781 1702 951 1777 copia
978 1722 1174 1759 rerum
1203 1701 1560 1757 abundantia
1589 1700 1647 1754 in
1678 1702 1847 1757 Ame-

313 1802 432 1856 rica
458 1822 640 1876 regna
665 1802 840 1859 habet
870 1803 927 1857 in
953 1817 1241 1878 potestate
1274 1847 1285 1859 .
1331 1804 1466 1871 Quo
1492 1823 1628 1859 vero
1678 1823 1847 1859 cursu

315 1904 388 1959 ad
437 1918 521 1959 tot
553 1951 567 1980 7
612 1919 848 1981 tamque
901 1907 1121 1963 dissitas
1151 1951 1165 1981 7
1210 1906 1612 1980 immensoque
1658 1924 1841 1980 prope

315 2007 536 2063 Oceani
563 2009 868 2065 intervallo
895 2010 1209 2083 disjunctas
1237 2030 1366 2066 oras
1407 2009 1649 2066 adiveris
1680 2053 1694 2082 7
1736 2009 1845 2065 nisi

313 2112 597 2187 navibus7
640 2112 746 2169 nisi
785 2112 982 2188 peritis
1026 2111 1345 2188 navigandi
1398 2111 1728 2168 hominibus
1758 2110 1847 2166 af·-

314 2214 455 2271 fluas
498 2219 526 2268 ¹?
584 2216 719 2284 Quo
768 2230 965 2274 autem
1015 2229 1188 2292 pacto
1243 2230 1342 2273 aut
1394 2237 1569 2273 naves
1613 2225 1846 2289 praesto

314 2333 479 2376 erunt
503 2366 518 2395 7
564 2336 662 2379 aut
702 2336 915 2380 nautae
944 2368 958 2398 7
1003 2323 1112 2379 nisi
1143 2323 1202 2377 in
1232 2324 1315 2378 tui
1344 2323 1510 2398 regni
1536 2320 1741 2376 finibus
1772 2320 1846 2374 ad

315 2444 409 2481 eas
436 2438 584 2482 artes
612 2447 791 2500 quam
818 2426 1103 2501 plurimos
1130 2446 1393 2483 exerceas
1430 2428 1448 2501 7'
1488 2444 1697 2499 eosque
1745 2422 1845 2477 ha-

316 2526 451 2583 beas
477 2528 625 2584 viros
654 2574 667 2602 7
712 2529 811 2602 qui
860 2551 1057 2586 rerum
1107 2551 1211 2586 usu
1244 2574 1259 2604 7
1305 2529 1405 2601 qui
1450 2527 1686 2602 ingenio
1714 2571 1728 2599 7
1776 2545 1844 2581 ac

316 2631 579 2686 doctrina
623 2633 812 2690 referti
862 2635 1114 2706 praesint
1171 2629 1631 2687 adolescentibus
1683 2627 1797 2684 illis
1827 2671 1844 2701 7
