2253 3340
1043 378 1113 412 22

322 482 413 536 lus
459 479 768 551 deprecata
791 518 806 548 ⁷
865 473 1234 548 impietatem
1259 470 1505 546 raptoris
1534 489 1798 532 execrata
1830 499 1846 552 3

320 599 437 635 non
455 597 615 635 secus
639 596 705 632 ac
726 574 774 632 si
793 573 1116 648 Imperium
1137 573 1473 631 universum
1497 576 1848 649 periclitare-

321 696 413 736 tur
427 679 505 753 ⁷si
527 679 678 734 Urbs
702 676 876 732 totius
894 675 1078 752 Regni
1099 690 1272 750 caput
1290 677 1364 733 de
1384 677 1617 734 victoris
1639 682 1847 737 exerci-

318 795 410 839 tus
434 782 659 856 impetu
685 826 700 855 ⁷
726 793 896 855 atque
925 779 1154 835 incursu
1176 778 1433 854 timeret3
1463 781 1625 854 jubet
1651 786 1670 855 (
1691 798 1848 841 natu-

320 906 385 941 ra
407 885 615 941 mitem
643 930 659 959 ⁷
703 903 771 939 ac
792 881 1238 939 misericordem
1259 882 1525 938 animum
1541 904 1736 941 rerum
1764 907 1847 943 sa-

264 1044 268 1047 ,
314 1008 548 1045 crarum
572 1009 770 1047 amore
791 1004 1098 1063 superante
1120 999 1140 1066 )
1170 991 1594 1064 jubet‚sontem
1621 994 1694 1048 ad
1722 1014 1847 1069 sup-

314 1093 566 1166 plicium
592 1094 867 1149 continuo
895 1092 1155 1167 perquiri
1186 1111 1200 1165 3
1234 1093 1303 1149 iis
1326 1137 1342 1167 7
1371 1094 1475 1168 qui
1504 1095 1849 1153 indicassent

313 1197 598 1268 grandem
626 1196 829 1252 indicii
867 1198 1201 1253 mercedem
1231 1198 1495 1271 promitti
1523 1219 1537 1271 3
1583 1198 1642 1253 in
1668 1200 1846 1275 regiis

315 1297 556 1353 aedibus
582 1311 763 1354 vestes
805 1297 1026 1354 interea
1076 1300 1294 1354 mutari
1321 1321 1335 1372 3
1380 1299 1535 1356 cives
1579 1302 1639 1356 in
1686 1302 1845 1360 luctu

314 1420 433 1456 esse
457 1421 472 1474 3
497 1401 792 1457 triduanas
823 1403 897 1457 ad
923 1401 1032 1458 Dei
1065 1402 1297 1476 Optimi
1323 1400 1565 1459 Maximi
1596 1404 1844 1480 Templa

308 1502 437 1557 fieri
461 1503 910 1578 supplicationes
942 1549 956 1577 7
987 1517 1049 1560 ut
1083 1519 1206 1560 tam
1237 1518 1405 1560 atrox
1432 1551 1446 1579 ‚
1477 1519 1713 1580 tamque
1740 1508 1845 1562 im-

310 1604 481 1678 pium
508 1605 677 1661 unius
704 1605 944 1662 latronis
973 1608 1198 1663 furtum
1231 1607 1408 1663 totius
1456 1607 1626 1663 Urbis
1654 1609 1846 1684 lacry-

311 1708 447 1763 mis*
476 1708 805 1783 expiaretur
832 1753 844 1765 .
913 1710 1204 1778 Quisnam
1252 1712 1506 1787 Reginae
1560 1713 1844 1788 pietatem

313 1831 428 1866 non
457 1813 775 1870 admiretur
798 1819 825 1868 ¹?
849 1815 996 1883 Quis
1024 1816 1326 1892 egregiam
1355 1818 1535 1873 fidem
1562 1816 1701 1889 Ejus
1727 1840 1843 1874 non

313 1916 585 1990 suspiciat
611 1963 626 1991 7
670 1932 725 1976 et
752 1907 1190 1976 venerationem
1217 1921 1277 1975 in
1301 1921 1707 1978 Sacrosanctae
1733 1921 1842 1978 Eu-

309 2019 617 2078 charistiae
639 2020 1159 2097 Mysterium‘?Vere
1170 2022 1449 2079 MARIAE
1463 2024 1644 2099 pietas
1668 2026 1843 2082 incre-

311 2122 483 2177 dibili
532 2125 721 2181 studio
768 2146 966 2184 rerum
1003 2147 1300 2185 sacrarum
1326 2130 1610 2204 flagrabat
1633 2126 1645 2187 Ι
1692 2130 1840 2186 Vere

309 2239 506 2298 pectus
532 2226 671 2300 Ejus
695 2229 851 2285 zelus
878 2229 1110 2286 divinae
1138 2229 1364 2287 Domus
1390 2230 1759 2288 comedebat!

465 2329 623 2387 Cum
669 2352 806 2389 vero
857 2334 966 2388 hoc
1016 2353 1246 2408 semper
1300 2331 1361 2388 M
1382 2336 1423 2389 A
1443 2334 1487 2390 R
1504 2334 1526 2389 I
1546 2337 1592 2389 A
1642 2336 1840 2392 fuisset

312 2430 510 2487 animo
543 2479 557 2507 ⁷
607 2449 669 2489 ut
697 2438 770 2491 ad
800 2435 1224 2492 sanctissimam
1248 2436 1616 2512 Religionem
1642 2438 1839 2494 colen-

317 2536 459 2589 dam
490 2535 667 2592 etiam
707 2538 852 2595 alios
902 2559 1004 2595 suo
1056 2540 1328 2613 exemplo
1375 2541 1637 2597 incitaret
1666 2562 1681 2613 ς
1724 2562 1837 2596 non

313 2638 506 2695 solum
532 2641 809 2715 privatim
836 2666 905 2700 ea
930 2645 1198 2702 universa
1224 2645 1354 2720 Ipsa
1380 2646 1664 2721 praestitit
1692 2692 1706 2722 7
1753 2660 1837 2714 at„-
