2253 3340
1067 369 1138 426 27

337 468 526 526 diocri
572 466 757 541 Regni
804 465 892 520 sui
945 464 1365 521 commoditate
1412 465 1633 524 futuros
1675 467 1870 524 existi.

335 571 519 627 mavit
544 613 556 625 .
584 569 956 642 Quapropter
982 585 1080 622 eos
1108 611 1126 641 7
1154 566 1258 639 qui
1289 580 1452 622 extra
1477 568 1728 625 claustra
1755 589 1872 626 ver-

335 672 615 730 sabantur
645 716 661 746 7
715 670 1077 727 reducendos
1107 670 1170 725 in
1198 670 1305 726 illa
1329 670 1551 727 curavit
1580 692 1595 743 ς
1643 691 1872 728 eorum-

339 798 452 852 que
481 777 634 831 vitae
659 773 872 831 rationi
900 793 1002 848 per
1030 773 1272 830 idoneos
1318 773 1587 830 homines
1628 794 1872 852 prospe—

336 880 427 935 xit
452 925 467 954 7
492 891 557 937 ut
586 877 698 954 ita7
728 879 833 934 sub
862 876 979 934 suis
1006 877 1254 952 quisque
1281 876 1458 954 signis
1485 899 1572 952 7ac
1600 879 1871 953 ducibus7

334 982 657 1038 militantes
687 1027 703 1057 7
732 982 837 1037 hos
867 980 1141 1054 exemplo
1172 1026 1188 1057 7
1213 980 1345 1037 illos
1377 980 1638 1056 alloquio
1663 1028 1678 1056 7
1709 1002 1872 1056 quos-

333 1085 474 1141 dam
527 1085 826 1142 doctrinae
855 1131 871 1161 7
916 1104 982 1140 ac
1011 1083 1283 1141 scientiae
1311 1085 1522 1141 robore
1551 1086 1622 1140 ad
1652 1082 1873 1139 Christi

335 1202 528 1263 partes
560 1234 576 1262 7
620 1188 910 1261 fidemque
939 1200 1278 1243 revocarent
1304 1231 1317 1243 .

492 1289 738 1346 Utinam
763 1309 1065 1364 nunquam
1085 1288 1295 1347 nefarii
1324 1289 1421 1346 illi·
1437 1289 1703 1346 homines
1724 1288 1873 1346 exti-

334 1393 531 1450 tissent
560 1438 576 1468 7
614 1392 717 1468 qui
742 1411 970 1454 cumtse
994 1439 1010 1468 7
1065 1394 1366 1468 vitamque
1395 1414 1564 1450 suam
1599 1392 1871 1449 omnium

332 1496 692 1572 flagitiorum
714 1517 895 1555 coeno
919 1499 1440 1574 contaminassent7
1467 1512 1530 1556 ut
1553 1517 1875 1575 repugnan-

332 1616 417 1658 tes
437 1646 452 1676 7
479 1604 858 1677 ardentesque
882 1602 1269 1660 conscientiae
1292 1602 1560 1660 stimulos
1586 1601 1870 1677 opprime-

332 1719 458 1762 rent
484 1752 499 1781 7
545 1706 659 1781 ipsi
707 1706 968 1783 primum
998 1726 1239 1763 omnem
1266 1705 1584 1782 Religionis
1613 1704 1872 1762 sanctita-

333 1820 455 1864 tem
481 1822 958 1884 contempserunt
984 1832 998 1885 3
1024 1808 1236 1866 deinde
1260 1809 1443 1864 etiam
1467 1808 1612 1865 alios
1636 1809 1695 1863 in
1720 1827 1870 1864 eam-

334 1910 473 1967 dem
517 1910 807 1968 scelerum
853 1913 1268 1986 contagionem
1295 1910 1578 1966 sermonis
1608 1909 1871 1966 dulcedi-

334 2031 407 2069 ne
432 2056 448 2086 7
498 2024 552 2070 et
606 2011 945 2068 fabularum
998 2010 1288 2068 illecebris
1337 2011 1626 2067 adducere
1677 2014 1871 2068 conati

339 2128 470 2171 sunt
493 2110 505 2170 !
530 2114 733 2188 Itaque
752 2113 1128 2171 Sanctissima
1148 2112 1397 2172 Femina
1423 2113 1834 2187 pertimescens
1849 2161 1867 2191 7

330 2236 405 2273 ne
433 2237 552 2292 qua
580 2216 807 2273 ratione
845 2217 955 2273 hae
982 2219 1179 2274 sordes
1223 2218 1527 2273 florentem
1573 2216 1633 2271 in
1669 2217 1868 2292 Regno

335 2339 439 2376 suo
467 2318 811 2378 Catholicae
838 2319 1108 2378 Veritatis
1138 2367 1153 2395 7
1196 2321 1358 2395 cujus
1389 2319 1517 2395 Ipsa
1544 2322 1734 2377 studio
1763 2323 1868 2378 fla-

335 2423 542 2496 grabat
573 2468 588 2496 7
646 2423 1039 2500 integritatem
1068 2423 1434 2499 inquinarent
1460 2468 1474 2498 7
1499 2443 1616 2479 non
1644 2424 1713 2481 iis
1740 2445 1868 2480 con-

340 2536 497 2581 tenta
542 2528 849 2601 praesidiis
901 2530 974 2585 ad
1029 2543 1250 2585 tantam
1302 2529 1589 2586 librorum
1641 2543 1866 2603 pestem

340 2632 723 2688 coercendam
748 2633 871 2707 jam
917 2632 1149 2708 pridem
1196 2633 1465 2691 institutis
1497 2679 1513 2710 7
1559 2653 1692 2690 eam
1718 2652 1865 2691 seve-

1429 2747 1460 2781 2
