2253 3340
1018 347 1084 398 15

286 474 342 517 et
369 459 546 534 copiis
567 458 913 512 confirmare
940 500 954 527 7
997 475 1338 530 semperque
1365 459 1665 514 contendit
1690 505 1705 534 7
1749 471 1814 514 ut

288 561 617 639 peritissimi
635 559 820 615 Duces
835 603 849 631 7
868 572 920 614 et
948 560 1402 616 exercitatissimi
1426 558 1636 618 Milites
1668 564 1820 620 ades-

287 679 412 722 sent
443 710 457 738 7
501 682 753 737 quorum
779 664 988 718 robore
1013 707 1028 737 7
1060 682 1125 716 ac
1152 663 1361 719 virtute
1390 676 1444 719 et
1474 664 1704 721 hostiles
1733 667 1820 721 in‹

287 769 576 826 cursiones
604 767 1020 841 repellerentur
1048 813 1063 840 7
1109 780 1164 823 et
1191 768 1540 824 domesticae
1592 769 1823 824 seditio-

292 893 391 928 nes
421 916 437 945 7
480 871 525 926 si
552 890 700 943 quae
747 870 895 925 forte
924 870 1254 926 incidissent
1288 915 1302 943 7
1346 870 1501 926 illico
1548 871 1825 946 reprime-

295 989 496 1030 rentur
520 1017 532 1029 .

453 1076 518 1132 In
551 1088 715 1131 tanta
742 1075 1166 1149 tranquillitate
1193 1124 1207 1151 7
1255 1100 1320 1135 ac
1350 1081 1469 1135 otio
1497 1126 1510 1154 7
1556 1082 1616 1137 in
1661 1095 1826 1138 tanta

293 1200 489 1236 rerum
537 1182 805 1236 omnium
852 1178 1216 1236 abundantia
1243 1227 1257 1255 7
1303 1183 1362 1239 in
1418 1185 1591 1241 tantis
1641 1198 1696 1241 et
1744 1186 1829 1241 lc·-

292 1305 433 1358 gum
458 1328 472 1355 7
517 1297 572 1338 et
604 1302 908 1338 armorum
933 1283 1195 1339 subsidiis
1231 1297 1377 1342 artes
1406 1331 1420 1359 7
1465 1288 1826 1362 disciplinas-

294 1406 404 1458 que
433 1385 562 1440 illas
592 1385 884 1459 neglectas
912 1386 1249 1443 existimatis
1289 1431 1303 1459 7
1362 1389 1569 1460 quibus
1623 1392 1829 1448 floren-

295 1487 443 1543 tibus
476 1506 595 1541 nou
623 1487 815 1543 solum
840 1487 999 1561 quies
1023 1488 1299 1544 retinetur
1331 1535 1345 1563 7
1389 1492 1486 1547 sed
1535 1496 1713 1552 etiam
1740 1515 1827 1551 re-

291 1609 543 1664 gnorum
567 1590 817 1663 dignitas
844 1591 988 1646 solet
1016 1593 1255 1648 existere
1286 1598 1312 1646 ‘2
1334 1596 1734 1658 Adolescentes
1757 1625 1832 1659 se-

292 1693 555 1767 ligendos
584 1695 825 1749 curabat
846 1714 967 1767 eos7
986 1697 1083 1769 qui
1113 1711 1322 1759 natura
1345 1720 1410 1754 ac
1433 1702 1732 1760 voluntate
1756 1707 1831 1760 vi-

291 1795 580 1850 debantur
624 1815 784 1869 posse
815 1799 1021 1854 utilem
1043 1799 1271 1857 Patriae
1293 1825 1427 1860 suae
1455 1827 1667 1866 navare
1698 1831 1833 1885 ope-

294 1917 451 1969 ram7
482 1898 724 1972 illosque
754 1900 814 1954 in
842 1900 1111 1974 cultiores
1138 1904 1308 1961 urbes
1334 1909 1605 1965 mittebat
1630 1959 1644 1987 7
1674 1927 1738 1969 ut
1761 1937 1834 1972 ex

296 2003 528 2058 diversis
551 2003 691 2059 locis
711 2005 769 2058 in
789 2006 1111 2080 principem
1135 2009 1356 2068 Urbem
1384 2015 1624 2071 tandein
1644 2037 1831 2075 rever-

294 2105 339 2160 si
368 2105 707 2162 architectus
749 2107 840 2162 hic
888 2109 1100 2168 nobilis
1130 2157 1145 2185 7
1189 2117 1450 2190 egregius
1478 2118 1569 2172 hic
1599 2123 1786 2194 pictor
1818 2171 1834 2199 7

294 2207 470 2263 solers
500 2209 642 2265 alius
674 2211 932 2285 sculptor
957 2259 972 2287 7
1002 2215 1371 2291 caelatorque
1398 2265 1412 2293 7
1439 2223 1838 2285 aedificiorum

296 2310 730 2384 pulchritudine
759 2358 773 2387 7
818 2315 1053 2389 picturis
1099 2366 1113 2395 7
1161 2341 1226 2376 ac
1255 2323 1433 2398 signis
1461 2371 1475 2398 7
1521 2331 1835 2406 ceterisque

291 2414 349 2468 id
402 2435 582 2489 genus
631 2422 990 2476 ornamentis
1020 2425 1283 2497 regiones
1312 2449 1438 2485 suas
1483 2434 1836 2490 condecora-

292 2529 461 2570 rent.
505 2515 743 2575 Talium
772 2541 870 2578 vos
913 2515 1296 2585 consiliorum
1342 2544 1507 2590 testes
1553 2537 1790 2608 appello
1818 2584 1832 2609 7

296 2619 396 2691 qui
424 2641 526 2677 nos
551 2622 701 2680 inter
732 2627 937 2684 adestis
966 2675 979 2704 7
1024 2650 1121 2687 vos
1145 2632 1390 2707 inquam
1410 2683 1424 2712 7
1470 2659 1721 2712 quorum
1759 2643 1834 2696 ol>
